3210 4798
274 248 278 255 Ι
365 283 405 346 48
691 281 759 338 Α77.
773 296 804 338 1v
823 280 867 338 Sc.
883 285 898 336 2
916 282 953 338 V.
967 284 1069 337 777-37

365 456 448 518 Sicut
470 475 516 517 me
538 456 627 517 hodie
649 457 736 517 nimis
759 457 917 518 sollicitum
940 459 1033 519 cliens
1056 458 1178 535 quidam
1200 458 1314 535 habuit,
1337 478 1394 520 ne·

374 574 377 581 '
984 587 1042 645 que
1065 570 1145 647 quod
1167 571 1248 631 velni

365 683 466 757 Agere
483 685 534 741 aut
549 679 668 757 quicum
682 679 795 740 licitum
811 684 869 740 est:
886 679 929 740 ita
942 699 988 740 me
1001 681 1129 758 attinuit,
1145 682 1188 743 ita
1199 700 1245 743 me
1257 682 1394 744 detinuit.

314 806 351 847 arc
365 795 450 869 Aput
472 791 584 852 aediles
607 809 661 867 pre
685 791 748 850 eius
770 790 859 851 factis
880 792 1086 868 plurumisque
1109 793 1314 870 pessumisque

365 903 472 963 Deixei
495 921 632 963 causam:
658 901 847 963 condiciones
869 904 954 963 tetuli
975 908 1069 965 tortas
1095 904 1296 981 confragosas.

366 1017 429 1074 Aut
451 1017 518 1091 plus
542 1020 593 1075 aut
615 1014 712 1074 minus
735 1031 824 1089 quam
847 1032 922 1091 opus
944 1015 1043 1077 meret
1066 1016 1145 1077 dicte
1167 1015 1301 1076 dixeram
1321 1034 1396 1077 cen-

982 1127 1159 1188 trcversiam
1180 1134 1214 1188 ut

367 1238 492 1314 Sponsie
514 1236 599 1297 fieret
622 1235 695 1312 quid
716 1236 768 1295 ille
792 1236 843 1312 qui
865 1237 1007 1313 praedem
1030 1237 1121 1298 dedit.
1157 1234 1162 1241 ⁴

366 1350 431 1408 Nec
460 1348 555 1424 magis
585 1348 783 1408 manufestum
812 1365 868 1425 ego
895 1346 1042 1410 hominem
1070 1367 1211 1426 umquam
1233 1352 1326 1411 ullum
1348 1355 1397 1410 te-

984 1460 1048 1520 neri
1071 1460 1146 1520 vidi:

315 1588 354 1629 aad
369 1569 513 1631 Omnibus
535 1571 612 1630 male
634 1570 722 1630 factis
744 1574 834 1630 testes
856 1576 918 1631 tres
940 1571 1067 1632 aderant
1089 1574 1244 1634 acerrumi.

367 1683 408 1742 Di
430 1682 513 1743 illum
535 1699 637 1742 omnes
658 1681 802 1758 perdant:
827 1683 870 1743 ita
891 1682 963 1743 mihi

367 1794 456 1853 Hunc
478 1792 567 1854 hodie
590 1792 723 1869 corrupit
746 1792 837 1854 diem:

367 1906 476 1981 Meque
498 1904 583 1978 adeo,
612 1904 664 1979 qui
685 1902 774 1964 hodie
797 1905 892 1964 iorum

368 2016 516 2091 Umquam
539 2015 632 2076 oculis
654 2014 772 2092 inspexi
795 2016 878 2076 meis.

316 2136 355 2177 585
368 2126 455 2186 Diem
478 2126 598 2202 corrupi
620 2126 776 2203 eptimam:

368 2237 446 2297 Iussi
469 2236 611 2314 adparari
632 2237 806 2315 prandium:

369 2348 476 2408 Amica
499 2353 652 2424 exspectat
674 2367 730 2422 me,
754 2348 830 2408 scic:

370 2459 429 2518 Ubi
450 2459 577 2535 primum
600 2463 646 2519 est
667 2459 790 2533 licitum,
813 2459 881 2520 ilice

446 2692 493 2738 577
513 2689 598 2751 Agere
617 2691 664 2738 aut
682 2690 795 2753 quicum
814 2688 978 2738 llitscdclius:
1005 2701 1257 2746 lesnanucu1···u
1276 2689 1297 2738 A
1314 2689 1400 2752 Agere

371 2789 483 2840 quicum
503 2775 548 2826 BC
683 2787 727 2822 me
745 2776 857 2825 alterurn
875 2775 959 2823 omisit
978 2774 1000 2823 B
1018 2775 1101 2837 77777,-
1121 2788 1170 2836 que
1185 2777 1338 2839 pronomine
1355 2787 1399 2823 re-

370 2867 442 2924 cepte
459 2864 557 2924 icteqer
575 2864 628 2911 escit
646 2862 793 2909 octonarius
810 2861 913 2909 variato
934 2861 1118 2909 vocabulorum
1141 2865 1249 2910 accentu
1272 2873 1399 2909 77777777-

370 2949 461 3003 detes,
487 2949 566 3008 agere
585 2948 631 2997 aut
650 2946 762 3009 quicum
782 2944 887 2995 licitum
907 2947 961 2994 est:
982 2945 1020 2995 ita
1041 2958 1084 2994 me
1108 2946 1174 3006 (sive
1192 2946 1268 3007 med)
1291 2945 1401 2995 attinuit

372 3033 408 3081 ita
427 3036 470 3081 me
490 3032 607 3082 detinuit
730 3034 778 3079 575
796 3043 859 3079 arur
878 3030 898 3080 A
918 3030 990 3095 apud
1008 3032 1101 3092 reliqui
1210 3031 1326 3081 aedilem
1345 3031 1400 3080 llil-

371 3118 480 3166 scbelids
565 3130 615 3182 pro
635 3110 696 3166 erus
711 3116 733 3165 B
751 3129 824 3165 cerr:
845 3111 959 3180 proeliis
973 3117 1065 3178 reliqui
1083 3130 1142 3166 7777
1159 3117 1179 3167 Α
1198 3118 1299 3182 proelis
1318 3118 1400 3167 lacli-

370 3216 483 3251 mcrmus
499 3205 527 3253 ire
548 3203 625 3251 lucr.
642 3207 665 3262 5,
681 3206 712 3251 85
821 3213 1165 3258 munuarscuurussuuiscus
1185 3203 1205 3251 A
1222 3198 1401 3267 plurimisque

371 3282 585 3352 pessimisqucll
716 3291 764 3336 578
783 3301 868 3337 aarum
887 3287 907 3336 A
927 3286 982 3337 dixi
1000 3288 1093 3361 reliqui
1179 3289 1309 3338 nsrucrA

373 3378 432 3424 575.
454 3377 503 3422 575
522 3376 549 3423 id
572 3387 653 3423 7777777
677 3376 811 3424 ceciderat
829 3373 859 3431 li,
885 3375 913 3422 ic
937 3373 1001 3420 dces
1022 3373 1160 3436 dispescuit
1174 3379 1233 3437 pest
1249 3374 1400 3438 pessumis-

372 3472 425 3524 que
443 3459 463 3508 A
552 3463 600 3508 577
619 3471 731 3515 canorus
750 3459 770 3508 A
830 3456 918 3508 iuerat
936 3457 1010 3507 dicte
1030 3458 1194 3508 Ritscbclius:
1215 3471 1401 3508 susannis-0

371 3547 391 3594 A
412 3547 470 3595 erat
488 3545 574 3594 multo
594 3543 638 3595 BC
748 3556 988 3594 ucurnovnnsianur
1006 3543 1026 3593 A
1046 3539 1260 3594 controversiam
1278 3545 1289 3607 ΙΙ
1308 3543 1340 3594 Ut
1358 3542 1402 3593 BG

465 3634 513 3679 578
533 3630 754 3694 tieret·rn·qurd
773 3630 794 3679 B
899 3642 1014 3678 amansii
1033 3629 1053 3677 A
1072 3629 1174 3694 praedii
1193 3630 1238 3681 BC
1335 3628 1401 3692 quid

372 3716 438 3766 illei
457 3715 545 3779 quid‘l
561 3716 691 3781 praedem
711 3715 788 3765 dedit
809 3713 976 3764 Camerarius
1049 3713 1087 3777 Cf.
1106 3715 1161 3764 Ter.
1176 3716 1257 3765 Andr.
1279 3720 1303 3776 7,
1324 3718 1348 3774 7,
1370 3717 1396 3761 57

372 3802 444 3861 Quid
462 3801 639 3866 Pamphilus?
657 3800 745 3865 quid?
768 3798 924 3863 symbolam
943 3799 1019 3849 dedit
1120 3803 1250 3849 587-597
1274 3800 1403 3849 Dimetros

373 3889 496 3951 descripsi
509 3889 599 3950 peribas
619 3890 666 3936 587
686 3889 801 3936 trimeter
818 3887 956 3935 cdbceret:
975 3888 1085 3947 quinque
1103 3889 1247 3951 cctucurics
1266 3888 1400 3934 587-597

374 3986 447 4022 nunc
465 3973 533 4023 mihi
552 3974 626 4022 babet
644 3972 675 4031 B,
695 3985 757 4032 ques
770 3974 865 4034 excipit
882 3970 1005 4021 Placebit
1018 3995 1025 4010 ·
1037 3996 1063 4009 ··
1079 3973 1166 4021 erotis
1272 3974 1319 4020 587
1339 3982 1402 4019 cor-

373 4059 516 4122 rumpitli
539 4057 731 4122 corrumpitC
821 4059 869 4105 587
890 4056 1023 4122 inspexim
1043 4058 1192 4107 llitscbelius
1269 4061 1317 4105 585
1346 4055 1402 4119 fcr-

373 4147 440 4193 tcsse
459 4144 569 4208 corrupi
592 4143 646 4206 [ita]
770 4146 817 4192 588
849 4142 955 4192 licitum
974 4145 1015 4193 ast
1035 4143 1183 4205 Graecias*
