3210 4798
578 307 675 365 Actu
693 310 736 366 Sc.
749 313 765 363 6
783 311 818 367 V.
832 313 916 363 7-26

175 502 214 544 sss
227 486 413 546 Recordetur
434 485 474 560 id,
500 485 551 575 qui
573 483 658 545 nihili
680 489 749 544 sunt
772 486 845 562 quid
866 487 892 546 is
914 487 992 563 preti

227 598 323 656 Detur
346 597 384 657 ab
407 596 468 657 suis
490 596 558 671 eris,
582 596 698 674 ignavis
719 596 863 674 improbis
885 598 967 658 viris.

226 710 370 784 Verbera,
386 708 544 785 compedes
556 710 662 781 molae,
679 727 788 786 magna
802 709 946 770 lassitudo
961 709 1064 786 fames,
1088 709 1181 788 frigus
1197 710 1255 771 du-

659 839 733 896 rum,
757 819 832 881 haec
854 814 951 897 pretia
973 824 1042 881 sunt
1063 821 1211 899 ignaviae.

226 932 262 991 Id
285 949 339 1010 ego
362 935 439 993 male
462 933 572 993 malum
583 924 706 993 metuo:
731 936 890 1010 propterea
905 934 1014 993 bonum
1029 950 1094 995 esse
1115 938 1256 995 certumst

658 1044 758 1121 potius
782 1062 872 1120 quam
894 1046 1013 1104 malum.

224 1159 302 1218 Nam
324 1157 418 1233 magis
441 1157 532 1218 multa
554 1156 651 1232 patior
673 1156 791 1217 facilius
813 1157 915 1229 verba,
938 1157 1066 1217 verbera
1088 1174 1143 1234 ego
1166 1157 1225 1231 edi,

173 1275 212 1318 969
225 1269 383 1344 Nimiaque
407 1269 463 1328 ede
486 1269 626 1329 libentius
648 1267 780 1328 molitum
804 1287 894 1344 quam
922 1268 1054 1328 molitum
1082 1268 1253 1345 praehibeo.

225 1383 390 1456 Propterea
412 1380 455 1439 eri
477 1379 633 1456 imperium
656 1397 812 1455 exsequor,
833 1380 913 1439 bene
936 1384 965 1439 et
988 1380 1091 1441 sedate
1107 1398 1193 1440 servo
1208 1380 1252 1440 id:

659 1494 750 1565 atque
772 1489 844 1550 mihi
865 1490 897 1550 id
917 1491 1048 1567 prodest.

223 1603 286 1665 Alii
309 1621 374 1664 esse
397 1603 439 1663 ita
460 1607 494 1663 nt
515 1603 546 1663 in
568 1620 630 1662 rem
646 1619 711 1661 esse
728 1602 853 1673 ducunt,
871 1600 942 1662 sint:
965 1620 1020 1678 ego
1036 1602 1079 1662 ita
1094 1620 1143 1663 ero
1159 1607 1192 1663 ut
1208 1621 1254 1664 me

657 1731 723 1773 esse
745 1716 869 1790 oportet.

223 1829 335 1888 Metum
357 1827 388 1886 id
410 1825 481 1886 mihi
504 1824 671 1899 adhibeam,
696 1826 814 1901 culpam
834 1824 1007 1899 abstineam,
1032 1843 1082 1885 ero
1104 1829 1137 1885 ut
1158 1825 1254 1886 omni-

656 1938 712 1997 bus
734 1937 764 1996 in
786 1936 861 1996 locis
884 1936 938 1996 sim
960 1940 1088 2013 praesto.

224 2051 319 2126 Servi,
332 2052 384 2126 qui
399 2068 468 2109 eam
484 2050 574 2125 culpa
585 2050 689 2109 carent
704 2051 843 2122 metuont,
858 2049 955 2108 solent
970 2046 1035 2108 e'sse
1050 2048 1108 2108 eris
1124 2048 1252 2109 utibiles.

170 2169 211 2211 ⁹⁰⁵
225 2164 303 2221 Nam
324 2161 369 2221 illi
392 2162 443 2238 qui
466 2160 541 2221 nihil
563 2164 707 2233 metuunt,
730 2164 887 2237 postquam
910 2161 1020 2220 malum
1044 2160 1254 2236 promeritum-

658 2289 726 2357 que,
751 2270 779 2330 ei
801 2275 942 2331 metuunt.

224 2387 354 2444 Metuam
369 2384 442 2445 haut
457 2386 596 2454 multum:
615 2401 708 2462 prope
724 2386 777 2458 est,
793 2383 932 2458 quandoo
948 2401 1017 2443 erus
1032 2383 1169 2444 olaciam
1182 2401 1253 2460 prc-

656 2497 729 2555 tium
752 2496 894 2556 exsolvet.

226 2699 310 2753 adfert
329 2703 394 2765 Bpr
459 2684 785 2751 tbbhecordeeordehll
842 2693 1185 2764 nspretnBulsprecuG

227 2791 273 2836 966
286 2787 388 2855 ρΙιὼθο
399 2788 420 2837 Β
430 2801 465 2849 pr
481 2784 587 2853 phlbeo
603 2783 630 2843 C,
646 2786 667 2834 B
680 2798 741 2835 corr
810 2788 854 2833 966
875 2786 942 2835 ιιιιΙιι
955 2785 984 2835 1d
998 2785 1019 2834 Β
1038 2786 1066 2835 rd
1084 2784 1185 2836 name

226 2878 273 2924 966
287 2868 349 2925 alul*
357 2875 378 2924 Β
383 2887 427 2937 pr,
442 2871 461 2922 0
531 2866 569 2921 [ιιι
582 2883 631 2933 ego
645 2883 692 2919 ero
707 2869 727 2921 G
783 2871 877 2920 Versus
889 2873 1055 2932 coemptos
1073 2874 1097 2921 et
1109 2884 1193 2920 unas:
1207 2871 1254 2920 bac

223 2962 284 3012 dicit
294 2961 339 3011 elil
349 2961 404 3009 sint
417 2959 454 3008 ita
466 2960 497 3007 ut
509 2970 569 3007 esse
582 2957 609 3006 in
622 2969 680 3005 rem
693 2968 753 3006 esse
766 2956 870 3006 ducunt
913 2958 960 3004 966
975 2955 1253 3021 ουίρῖιΒρν,09ἀΒ-
1317 3008 1322 3021 ,

224 3059 305 3095 cabaa
317 3046 397 3110 culpa
411 3044 432 3093 Β
445 3056 505 3093 cerr
574 3041 732 3093 Sententiam
744 3044 780 3092 aia
791 3043 932 3105 intellipere
943 3043 1046 3092 uidear:
1060 3044 1090 3092 ut
1103 3055 1149 3091 cro
1163 3042 1253 3092 omni-

224 3130 277 3181 bus
285 3132 312 3181 in
320 3130 387 3181 locis
395 3130 447 3179 sim
460 3131 580 3194 praesto,
590 3128 692 3177 ldmlhi
703 3129 805 3177 metum
819 3128 975 3188 adhibeam,
986 3128 1040 3191 (lta)
1049 3127 1157 3193 culpam
1166 3127 1253 3177 absti-

225 3230 318 3276 neam3
333 3220 454 3266 accurate
465 3217 569 3264 interae
584 3216 721 3264 concinunt
739 3216 842 3263 metum
865 3213 1021 3274 adhibeam,
1042 3213 1151 3278 culpam
1166 3213 1253 3263 absti-

225 3314 314 3362 neam,
328 3303 384 3352 idea
395 3305 472 3352 iaxta
482 3302 579 3363 posita.
594 3303 617 3348 et
629 3299 695 3348 banc
707 3303 794 3348 autem
811 3299 841 3348 ob
859 3313 966 3349 eausam
984 3302 1088 3349 metum
1102 3301 1190 3349 abesse
1201 3312 1253 3348 eon

223 3391 306 3446 potest
316 3392 449 3449 eapropter
461 3391 594 3448 sequentes
610 3398 703 3434 versus
717 3386 791 3443 daos,
805 3386 1005 3446 pulcerrimum
1020 3387 1141 3449 leuantur
1156 3387 1183 3434 io
1195 3385 1253 3433 lte-

224 3470 339 3519 steltarta
352 3474 466 3521 666-666
481 3474 519 3531 ll,
536 3475 564 3522 ιἰι
577 3456 649 3521 tibris
660 3473 697 3521 ita
708 3473 805 3533 scripta
817 3471 895 3520 Serui
908 3472 955 3534 qui
969 3485 1052 3536 quom
1066 3471 1147 3535 culpa
1159 3472 1253 3519 carent

224 3556 315 3602 temen
327 3556 430 3606 malum
443 3560 569 3608 metuunt
580 3557 591 3620 {l
604 3557 636 3606 lli
655 3557 743 3606 solent
761 3569 821 3606 csse
840 3557 893 3606 eris
911 3556 1031 3607 utibilcs.
1044 3556 1055 3619 ΙΙ
1067 3556 1138 3606 Nem
1152 3554 1191 3603 illi
1204 3555 1252 3617 qui

225 3638 291 3686 nihil
310 3640 434 3690 metuunt
451 3644 598 3706 postquam
616 3646 681 3692 sunt
699 3642 801 3692 malum
821 3642 910 3692 meriti
923 3642 933 3705 ΙΙ
946 3643 1033 3693 Stulta
1051 3641 1105 3691 sibi
1124 3642 1253 3704 expetunt

223 3723 339 3773 consilia
428 3729 474 3776 966
493 3728 635 3792 culparent
648 3727 669 3776 Β
681 3728 762 3792 culpe
775 3731 869 3777 carent
883 3727 911 3787 C,
926 3741 989 3778 cum
1002 3728 1089 3778 addidi
1101 3739 1135 3775 eac
1148 3727 1252 3776 Mostel-

224 3811 292 3859 laria
378 3813 470 3860 metuo
486 3825 513 3861 ιιι
522 3812 552 3874 lb.
561 3826 581 3863 e.
595 3813 892 3877 metuontleetuunt
904 3812 932 3873 G,
948 3814 970 3864 Β
982 3826 1041 3862 corr
1123 3815 1172 3861 966
1186 3824 1252 3876 pro-

224 3896 352 3946 meritum
363 3896 404 3943 est
419 3899 543 3947 metuunt
558 3900 597 3948 ed.
601 3912 644 3962 pr.
719 3902 767 3948 966
780 3899 898 3949 Metuam
907 3899 981 3948 haud
994 3898 1134 3947 Gruterus:
1150 3898 1251 3946 Metum

223 3984 270 4031 aut
286 3980 331 4032 BG
418 3981 486 4030 llaec
504 3995 601 4043 eaeque
614 3986 736 4034 videatur
753 3986 847 4035 indicio
868 3996 922 4033 esse
937 3995 1028 4032 versas
1042 3984 1099 4031 966.
1117 3986 1176 4041 966,
1195 3987 1252 4032 utut

223 4067 383 4118 emendanda
395 4071 465 4126 aaut,
485 4068 628 4118 desiderari
636 4062 691 4119 'ooo
700 4084 776 4132 posse
845 4082 931 4134 prope
943 4065 972 4118 es
983 4068 1004 4117 Β
1081 4067 1191 4132 quando
1205 4081 1251 4116 ce·

223 4149 285 4204 rul'e
299 4153 397 4205 lacrum
409 4151 518 4215 (latram)
531 4152 583 4213 BG,
601 4154 711 4217 quando
727 4168 790 4205 erus
806 4155 882 4218 quod
898 4153 996 4203 faciam
1006 4153 1251 4216 ducibuerledeet
