3210 4798
388 257 429 319 66
720 254 786 311 Aet.
798 270 819 313 v
836 255 909 312 802
927 257 962 314 V.
975 260 1077 311 54-65

853 426 954 483 Snunx

388 526 466 586 Male
490 525 571 601 lacit,
594 527 619 587 si
640 510 718 587 istuis
741 526 827 587 facit:
852 526 878 587 si
899 544 958 587 non
981 526 1062 601 facit,
1086 533 1119 589 tu
1141 529 1324 605 malefacis,

336 652 374 693 rar
389 636 473 710 Quae
495 638 641 699 insontem
662 639 823 699 insimules.

828 763 980 818 Muraena

748 876 827 951 Quin
850 878 938 938 etiam
960 896 1039 939 nunc
1062 878 1153 940 habet
1175 882 1296 957 pullam,
1320 886 1426 960 pater,

387 990 434 1051 Et
448 990 571 1066 spinter,
585 989 666 1066 quod
678 988 804 1050 adhunc
817 990 976 1051 detulerat:
993 1009 1082 1065 nunc,
1101 991 1172 1067 quia
1182 990 1299 1066 rescivi,
1315 989 1425 1051 refert.

852 1112 954 1170 Snnnx

386 1233 450 1292 Iam
473 1250 528 1309 ego
551 1248 588 1291 ex
611 1229 684 1303 hoc,
714 1233 748 1290 ut
769 1228 880 1290 factum
907 1235 965 1305 est,
998 1231 1092 1293 scibo:
1124 1228 1174 1293 ido
1203 1232 1242 1293 ad
1269 1231 1426 1292 hominem

765 1313 771 1329 ι
1048 1346 1139 1420 atque
1163 1343 1319 1419 adloquar.

335 1474 374 1515 soo
387 1455 444 1514 Die
458 1428 506 1514 ⁴mi
527 1453 620 1528 istnc,
643 1453 851 1527 Menaechme,
877 1454 958 1530 quod
980 1472 1034 1514 vos
1056 1454 1236 1529 dissotiatis,
1259 1459 1293 1515 ut
1315 1455 1423 1516 sciam.

387 1566 466 1639 Quid
487 1569 521 1625 tu
543 1566 635 1626 tristis
651 1564 704 1625 esi
727 1565 800 1641 quid
814 1566 896 1626 illam
912 1570 1011 1627 autem
1026 1567 1080 1627 abs
1095 1571 1124 1627 te
1139 1566 1247 1627 iratam
1263 1566 1424 1627 destituis?

798 1690 1013 1746 Mnnnnonnns

388 1807 530 1884 Quisquis
546 1826 587 1881 es,
606 1807 818 1884 quidquidtibi
834 1825 940 1867 nomen
956 1810 1010 1879 est,
1034 1824 1134 1881 senex,
1156 1825 1300 1867 summum
1314 1809 1422 1868 Iovem

385 1921 527 1996 Deosque
550 1919 589 1979 do
610 1923 702 1980 testes

853 2026 951 2080 Ssn'sx

692 2139 759 2213 Qua
782 2139 819 2200 de
842 2158 875 2200 re
898 2143 950 2200 aut
972 2140 1056 2200 cuius
1078 2140 1122 2199 rei
1144 2157 1243 2200 rerum
1266 2139 1421 2200 omninmi

802 2266 1006 2318 disnnnomuus

385 2384 433 2443 Me
456 2399 554 2457 neque
577 2380 625 2439 isti
647 2380 724 2440 male
748 2378 856 2439 iecisse
879 2379 1004 2454 mulieri,
1029 2397 1106 2455 qnae
1129 2398 1175 2440 me
1198 2379 1296 2458 arguit

333 2510 371 2551 sos
385 2496 472 2554 Hane
496 2492 583 2552 domo
606 2491 643 2551 ab
667 2507 699 2550 se
722 2490 945 2567 surrupuisse*
961 2490 1154 2552 *abstulisse
1177 2490 1300 2551 deierat.

385 2606 416 2666 si
428 2623 483 2684 ego
494 2604 574 2665 intra
586 2603 669 2663 aedis
678 2601 767 2662 huius
779 2620 918 2678 umquam
930 2602 981 2664 ubi
999 2602 1115 2664 habitat
1125 2603 1281 2680 penetravi
1291 2600 1417 2682 pedem,

386 2716 524 2778 Omnium
545 2715 696 2775 hominum
717 2718 823 2791 exopto
845 2717 879 2774 ut
899 2714 967 2775 fiam
988 2715 1161 2775 miserorum
1181 2714 1371 2774 miserrimus.

384 2973 529 3023 dudelino:
551 2986 605 3023 ram
619 2972 641 3022 Β
653 2973 719 3022 tram
733 2984 776 3020 me
792 2970 811 3021 0
907 2974 956 3020 798
970 2971 1003 3020 Et
1016 2971 1068 3020 add
1080 2971 1229 3033 Lipsiensis,
1249 2983 1290 3019 orn
1303 2969 1347 3020 BC

395 3047 404 3064 ’
470 3061 519 3107 799
533 3058 611 3107 scibo
624 3056 688 3120 [ibo]
706 3056 887 3107 Camerarius:
900 3054 959 3106 inho
973 3055 1026 3115 BC,
1041 3055 1087 3105 rbo
1100 3069 1159 3105 corr
1172 3057 1203 3114 B,
1217 3053 1295 3105 scibo
1311 3054 1415 3119 [adibo]

309 3180 311 3195 ,
386 3143 536 3193 liitsebetins
664 3144 745 3207 etque
764 3141 889 3204 alloquar
901 3141 1024 3204 Pelodes:
1046 3141 1264 3205 adquemloquar
1276 3139 1321 3190 BC
1334 3142 1418 3204 etque

386 3229 483 3291 loquar
495 3229 588 3278 corrB
694 3230 742 3276 800
758 3221 910 3277 discertntrs
921 3228 1067 3286 Vaticanus,
1087 3239 1178 3277 errore
1189 3232 1218 3277 ut
1229 3227 1341 3285 uidetur,
1356 3240 1418 3276 cor-

384 3315 455 3363 reeit
473 3315 541 3363 enim
561 3307 714 3374 driiertntrs,
734 3313 801 3362 idern
818 3314 885 3375 quod
903 3317 939 3362 est
957 3315 984 3361 in
997 3312 1042 3363 BG
1137 3315 1181 3362 sot
1205 3312 1256 3372 Qui
1273 3310 1292 3361 0
1385 3314 1417 3361 tu

385 3420 470 3475 irritrl
486 3436 546 3474 corr
562 3424 713 3474 Vaticanus:
735 3426 819 3472 tutrix
832 3422 885 3482 BC,
906 3423 1087 3484 Vaticanuspr
1167 3390 1274 3486 quirdB
1366 3423 1416 3473 de-

385 3505 504 3561 strtusiB
518 3503 662 3560 dedrltrtni
675 3508 694 3560 G
710 3510 848 3559 Vaticanus
919 3510 965 3560 illu
979 3511 1083 3559 ..irata
1097 3510 1201 3559 destitit
1207 3510 1306 3569 Dmrsa,
1326 3514 1355 3559 ut
1365 3513 1415 3558 769

454 3625 502 3671 803
523 3621 558 3671 do
576 3623 660 3670 testes
681 3620 824 3670 Gruterus:
846 3616 961 3672 detestas
974 3621 993 3672 0
1006 3585 1150 3685 deteitieiB
1248 3624 1297 3669 805
1312 3620 1416 3670 deierat

387 3706 568 3758 Camerarius:
593 3705 700 3755 deluret
716 3707 756 3755 eet
775 3706 882 3756 deraret
980 3707 1114 3769 Deiectum
1125 3709 1252 3757 orationis
1264 3707 1416 3757 Ritscbelius

384 3795 498 3857 aenoeit,
517 3794 562 3843 sed
579 3795 607 3842 in
625 3792 765 3853 supplendo
778 3793 924 3843 aberravit:
944 3795 1035 3854 opinor
1047 3792 1189 3856 taternsere
1205 3792 1318 3854 fumant
1334 3790 1415 3854 fuisse

384 3880 425 3928 Me
451 3891 540 3942 neque
563 3878 608 3927 isti
635 3877 705 3927 male
730 3877 828 3927 iecisse
846 3878 954 3927 mulieri
974 3891 1044 3941 quae
1062 3891 1106 3926 me
1124 3878 1214 3942 arguit
1238 3877 1313 3928 Hanc
1332 3878 1414 3929 domo

384 3963 419 4013 ab
444 3976 474 4013 se
498 3963 674 4027 surrupuisse
700 3962 797 4026 [neque
822 3963 890 4014 adeo
912 3977 1045 4026 umquam
1066 3966 1128 4014 ante
1152 3964 1226 4013 hunc
1249 3963 1322 4013 diem
1346 3963 1413 4013 Eam

383 4050 486 4098 vidisse
505 4062 576 4111 quae
594 4062 638 4098 me
657 4049 727 4099 hanc
746 4047 781 4098 ab
800 4048 868 4112 sese]
890 4048 1036 4099 abstulisse
1055 4049 1171 4107 deierat3
1192 4061 1258 4110 quae
1275 4048 1351 4096 simut
1367 4049 1413 4096 de-

383 4132 465 4196 sectus
477 4146 585 4183 causam
602 4137 719 4196 operiat:
740 4133 772 4196 of.
786 4135 819 4183 ad
832 4137 881 4183 276
986 4136 1035 4183 800
1053 4134 1152 4198 pedem
1171 4136 1222 4184 add
1235 4132 1345 4194 Pelodes
