3210 4798
517 276 590 344 ‘Aee
606 302 640 344 ιιι
657 287 734 344 sne
752 288 789 344 v.
803 290 904 342 ιιι-34

646 460 787 516 Anomnn

129 570 180 614 535
194 558 357 634 Numquid
380 576 426 618 me
447 557 515 619 visi

608 668 822 722 Monsneffleos

493 765 578 826 Haeo
599 783 646 825 me
670 768 842 825 curaturum
864 764 954 825 dieite
976 798 1019 807 ·-

197 875 240 935 Ut
264 879 410 951 quantum
431 875 546 952 possint
569 876 680 953 quique
702 876 814 937 lineant
834 879 972 936 veneant.

198 988 303 1047 Iamno
328 986 401 1047 abiit
422 985 521 1047 introi
544 987 624 1063 abiit,
648 987 765 1064 operuit
787 986 875 1047 fores.

201 1097 242 1156 Di
263 1115 309 1157 mo
334 1098 453 1173 quidem
475 1116 578 1159 omnes
600 1098 744 1160 adiuvant
767 1103 877 1174 augent
899 1102 1008 1158 amant.

205 1207 264 1267 Sed
286 1207 358 1284 quid
381 1227 436 1285 ego
459 1226 552 1286 nesso,
576 1209 646 1271 dum
669 1209 758 1270 datur
779 1209 818 1269 mi
840 1209 958 1271 eeeasio

146 1333 190 1377 sio
204 1319 405 1397 Tempusque,
429 1320 512 1381 abire
536 1322 573 1382 ab
596 1320 643 1382 his
665 1321 738 1383 loeis
760 1320 909 1382 lenoniisi

200 1431 344 1507 Propera,
368 1431 571 1507 Menaechme,
594 1432 640 1494 fer
662 1433 779 1510 pedem,
802 1434 904 1510 profer
925 1432 1060 1511 gradum.

198 1542 327 1602 Damam
350 1560 489 1604 eoronam
512 1548 603 1619 atque
625 1544 751 1606 abieiam
774 1544 814 1605 ad
836 1546 953 1605 laevam
974 1561 1102 1618 manum,

198 1652 243 1712 Ut
266 1653 291 1713 si
314 1653 380 1730 quis
403 1659 547 1730 sequatur
568 1654 626 1716 hae
649 1674 695 1716 me
711 1655 819 1716 abiisse
843 1660 993 1716 censeant.

196 1764 256 1824 Ibo
279 1769 309 1824 et
331 1765 504 1826 eonveniam
527 1784 653 1843 servem,
677 1766 702 1827 si
724 1771 838 1843 potero,
862 1785 968 1841 meum,

138 1894 183 1937 sis
199 1875 245 1934 Ut
267 1874 343 1937 haee
367 1894 444 1953 quae
467 1878 547 1938 bona
569 1876 642 1939 dant
664 1877 694 1937 di
716 1877 797 1952 mihi,
822 1894 859 1938 ex
881 1896 927 1938 me
951 1877 1034 1938 seiat.

198 2125 305 2179 ponere
324 2114 482 2168 Formianos
501 2119 527 2166 et
545 2116 689 2167 Fundanos
708 2116 746 2166 ait
758 2116 844 2166 Varro
866 2114 925 2179 [sed
943 2118 970 2165 et
988 2114 1043 2178 alii]
1062 2112 1167 2165 iaciunt
1182 2126 1233 2164 nee

199 2199 263 2248 sine
282 2201 420 2266 exemplo:
442 2215 506 2252 nam
524 2202 563 2253 Pl.
583 2202 611 2252 in
630 2202 700 2252 Men.
719 2201 757 2252 ita
775 2202 813 2252 ait
830 2200 902 2252 “non
920 2201 1008 2252 habeo
1024 2237 1030 2251 .
1048 2236 1053 2251 .
1071 2237 1077 2251 .
1092 2200 1155 2251 dato
1175 2200 1233 2261 (da-

199 2269 489 2378 bis²⁰Neapoiiianes)”;
509 2314 608 2364 vitium
626 2314 717 2363 tamen
736 2325 868 2363 essenon
887 2312 1003 2364 dubium
1022 2306 1079 2363 est?

200 2398 252 2445 535
272 2397 383 2447 aiterum
400 2402 489 2448 otram
507 2412 551 2449 me
569 2399 705 2450 deiendom
723 2397 805 2463 (prins
817 2400 923 2449 ieiunii
934 2398 1087 2460 Acidaliae),
1107 2399 1157 2447 nisi
1168 2398 1234 2460 forte

200 2482 244 2531 Me
264 2481 332 2531 haee
350 2487 572 2547 transponendum
675 2487 725 2534 555
743 2485 833 2550 possit
852 2483 986 2548 Scioppius
1035 2483 1074 2546 Cf.
1096 2485 1143 2532 itt

202 2595 252 2642 535
272 2605 317 2642 ms
335 2593 447 2656 quidem
466 2594 586 2646 Bottins:
607 2609 651 2646 me
670 2596 798 2660 equidem
875 2597 922 2645 540
946 2590 1053 2645 lenonis
1068 2593 1113 2644 BC
1131 2559 1237 2643 lenossii

203 2677 298 2727 Bcorr
375 2679 419 2727 544
443 2678 535 2744 proter
553 2682 713 2746 hannoniae:
734 2681 829 2731 confer
887 2683 947 2730 itit
969 2681 1070 2729 Noniae
1085 2693 1113 2741 p.
1129 2683 1189 2738 549,
1202 2676 1233 2727 it

197 2755 324 2813 ‘censere
343 2765 370 2813 et
388 2763 516 2816 arbitrari
535 2767 696 2830 cognatione
715 2766 834 2829 quadam
850 2766 926 2815 socia
941 2801 963 2816 ..
978 2765 1088 2814 Plautus
1103 2799 1145 2813 ...
1160 2763 1233 2812 idem

207 2847 234 2896 in
252 2849 321 2901 Men.
342 2848 473 2901 “demam
498 2852 564 2902 tanc
588 2864 719 2902 eoronam
740 2886 791 2901 ...
812 2852 894 2900 leonio
913 2863 1024 2900 manum
1043 2851 1074 2898 ut
1097 2851 1119 2898 si
1144 2846 1174 2909 (si
1193 2860 1234 2896 em

208 2932 302 2999 Bamt.)
320 2941 459 2998 sequenter
469 2949 510 2986 me
529 2938 576 2987 tac
594 2938 677 2987 abisse
695 2930 856 2986 censeant'’.'
935 2934 1005 2985 hane
1018 2946 1059 2983 em
1072 2933 1158 2983 Plauti
1175 2933 1234 2981 iibri

271 3020 363 3070 lenam
382 3021 441 3072 titii
458 3034 517 3071 enm
530 3023 614 3072 Nonio
693 3024 740 3071 544
761 3017 782 3071 sn
800 3034 848 3086 qui
867 3015 938 3084 (quis
951 3018 970 3070 C
978 3021 1022 3083 pr)
1043 3014 1171 3084 sequatur
1189 3016 1234 3068 BC

270 3096 321 3195 Ιιᾷο
336 3144 379 3181 me
392 3133 413 3182 Β
426 3133 493 3183 haee
506 3145 549 3182 me
565 3133 585 3185 C
666 3127 760 3185 abusis
772 3133 813 3183 vel
822 3127 937 3183 habuise
952 3129 996 3181 BC
1080 3103 1182 3190 coito
1193 3144 1231 3192 sq.
