3210 4798
532 305 598 363 Act.
612 324 631 362 v
649 306 722 362 Sci
742 308 776 364 V.
788 309 890 361 20-29

177 484 357 544 Soleamne
381 501 446 544 esse
469 484 533 544 avis
556 500 741 559 squamosas,
764 481 855 559 piscis
876 482 1046 559 pennatos?

663 590 765 647 Snunx

728 664 730 668 '
1040 665 1152 740 Papae,

119 789 163 831 997
179 776 303 837 Audin
325 780 367 851 tu,
390 781 423 836 ut
446 776 642 867 deliramenta
663 773 818 850 loquitur?
841 774 914 850 qnid
937 792 1037 835 cessas
1061 775 1133 836 dare

180 888 334 948 Potionis
357 887 480 963 aliquid,
504 888 680 965 priusquam
702 886 830 963 percipit
853 885 991 947 insanias

645 994 784 1049 Mnnrcm

182 1097 288 1154 Mane
312 1050 416 1153 modo:
442 1094 530 1153 etiam
552 1093 754 1171 percontabor
778 1092 846 1152 alia.

666 1201 763 1254 seusu

850 1270 970 1333 Occidis
993 1272 1142 1333 subulcus.

645 1380 784 1435 Mnnrcus

130 1495 172 1536 aro
187 1482 253 1542 Dic
281 1479 354 1540 mihi
377 1478 450 1540 hoc:
476 1480 574 1540 solent
595 1479 649 1539 tibi
671 1497 812 1553 umquam
836 1478 916 1538 oculi
939 1479 1005 1539 duri
1027 1477 1114 1540 fierit

612 1602 826 1661 Msunncuuus

190 1720 280 1794 Quid
303 1725 335 1781 tn
358 1737 404 1779 me
426 1720 574 1778 lucustam
597 1736 702 1779 censes
725 1736 800 1795 esse,
823 1717 913 1779 homo
938 1718 1152 1795 ignavissime?

646 1842 785 1898 Mnnrcus

190 1961 254 2021 Dic
281 1957 368 2035 mihi,
392 1976 572 2035 enumquam
594 1958 736 2019 intestina
757 1958 812 2018 tibi
835 1962 974 2035 crepant,
995 1957 1077 2034 quod
1100 1957 1233 2018 sentiani

606 2075 820 2129 Munnnouuus

192 2182 257 2243 Ubi
275 2186 358 2241 satur
373 2200 447 2258 snm,
464 2184 548 2242 nulla
564 2181 727 2258 crepitant:
752 2181 872 2257 quando
890 2181 997 2257 esurio,
1017 2185 1080 2240 tum
1096 2186 1229 2258 erepant.

647 2297 786 2353 Mnnreus

193 2398 265 2457 Hoc
290 2395 410 2471 quidem
433 2396 542 2472 edepol
564 2394 625 2455 han
647 2414 703 2472 pro
719 2396 824 2457 insano
840 2397 964 2457 verbum
979 2396 1134 2473 respondit
1149 2395 1231 2456 mihi.

142 2518 180 2561 ars
195 2506 423 2568 Perdcrmiscin
445 2525 542 2583 nsque
566 2506 604 2567 ad
627 2506 747 2567 lucem‘l
769 2508 872 2568 facilin
886 2512 919 2568 tn
935 2507 1046 2567 dormis
1061 2506 1197 2568 cabensi

195 2678 406 2686 —-—---—--

195 2780 384 2843 supplementis
401 2792 482 2829 causa
500 2780 612 2842 desectus
629 2781 767 2842 repetitum
782 2780 848 2843 quin
867 2782 1016 2843 epaoscitur
1034 2781 1233 2843 insudarit.

197 2866 271 2928 805).
304 2863 422 2915 Ceterum
438 2878 471 2914 ne
488 2867 595 2915 nimiam
612 2866 651 2915 ilii
667 2868 780 2915 notaturi
801 2867 993 2915 accurationem
1009 2866 1152 2915 tribuamus
1168 2878 1233 2928 pro-

198 2954 286 3003 hibent
304 2963 369 3012 puae
388 2950 421 2999 ad
433 2953 491 3000 999.
505 2954 550 2999 999
573 2952 704 3014 adscripta
722 2952 817 3000 similia
834 2955 895 3001 sunt
1019 2954 1068 3000 906
1089 2947 1149 3001 auls
1163 2965 1232 3015 qua-

198 3029 291 3088 mosas
304 3035 323 3086 G
340 3029 401 3086 aurs
416 3050 498 3099 quam
518 3029 588 3086 offas
600 3037 705 3096 li,‘oiim
723 3041 866 3086 correctum
951 3026 955 3043 ¹
1000 3040 1048 3086 997
1068 3037 1170 3087 Audrtu
1189 3035 1234 3087 BC

198 3122 290 3173 Audin
304 3123 334 3171 tu
347 3122 369 3171 Β
381 3133 441 3171 carr
544 3125 593 3170 909
613 3116 719 3171 occidis
734 3121 855 3172 subulam
870 3122 892 3172 Β
910 3117 1015 3173 occidis
1030 3122 1113 3173 selam
1129 3121 1156 3182 0,
1174 3134 1234 3171 ear-

199 3210 286 3268 rexit,
306 3208 384 3257 simui
400 3220 574 3269 personarum
591 3207 794 3257 distributionem
811 3210 950 3268 ordinans,
970 3209 1102 3259 Audasius

201 3296 229 3341 99
238 3297 260 3342 0.
274 3296 318 3341 999
343 3293 400 3344 Huc
417 3297 533 3357 spectant
550 3306 616 3354 quae
636 3292 799 3342 Curculionis
815 3295 933 3343 versibus
951 3298 976 3354 9,
992 3298 1016 3355 9,
1031 3298 1054 3345 7.
1068 3298 1082 3345 8
1102 3296 1233 3357 adscripta

201 3382 262 3428 sunt
273 3380 302 3427 in
314 3378 336 3428 Β
347 3392 419 3443 mro:
442 3374 528 3429 solent
545 3379 596 3429 tibi
615 3378 688 3428 ocull
708 3378 770 3427 duri
789 3377 847 3427 fieri
860 3377 871 3442 ΙΙ
884 3374 1010 3430 censesne
1028 3375 1160 3431 locustam
1173 3393 1233 3430 esse

313 3466 362 3513 999
383 3465 598 3526 demersisti,
614 3468 628 3513 6
649 3456 775 3528 ‘crepare
797 3468 839 3527 est
856 3477 963 3516 sonare.
981 3467 1018 3516 Pl.
1037 3467 1064 3516 in
1083 3467 1152 3518 Meu.
1164 3463 1233 3515 “dic

200 3549 263 3598 milii
281 3562 436 3611 enumquam
453 3553 575 3601 intestina
593 3555 699 3612 crepant
720 3550 795 3613 quod
808 3586 814 3601 .
829 3586 836 3600 .
849 3587 855 3600 .
869 3554 929 3601 tunc
950 3545 1098 3615 erepant”.’
1188 3563 1233 3599 me

201 3633 258 3734 lued
264 3646 415 3698 numquam
428 3637 449 3685 Β
460 3648 503 3697 pr,
521 3635 540 3685 0
558 3637 625 3685 mrhr
644 3649 678 3686 an
696 3649 828 3699 umquam
842 3636 864 3685 Β
876 3649 936 3686 carr
1020 3637 1069 3685 999
1083 3636 1137 3686 hau
1148 3648 1198 3699 pro
1214 3635 1234 3686 G

202 3745 342 3809 hnuproli
445 3749 493 3795 995
514 3742 714 3797 Perdcrmiscin
732 3742 818 3811 usque
836 3750 875 3798 ed.
894 3761 952 3810 pm:
971 3741 1233 3797 Perdcrmrsoanrus-

202 3843 256 3893 que
270 3830 314 3881 ΒΟ
407 3831 511 3882 cubans
531 3833 681 3895 Scioppius:
703 3828 804 3883 curans
893 3834 1070 3883 Personarmn
1087 3833 1233 3882 distributio

202 3915 264 3966 daec
282 3919 362 3968 estin
376 3917 413 3965 B:
433 3920 481 3966 sis
497 3918 565 3969 Mur.
579 3918 724 3969 Facilin-
734 3923 783 3968 996
798 3918 1232 3969 Mus.Perdermisco-srrslrs.

202 3999 253 4063 Qui
275 4005 301 4052 te
321 4018 375 4048 -:
407 4016 439 4052 ae
463 4005 520 4064 quis
543 4003 589 4053 lica
605 4006 701 4055 indicia
720 4006 844 4055 abutatur
867 4003 1083 4066 adprobandum
1107 4003 1234 4066 desectum

202 4090 246 4145 oui
262 4090 398 4139 uidebatur
411 4089 545 4138 liiiscteiie
567 4093 698 4149 anteiit,
718 4102 794 4151 quem
810 4091 911 4140 auitum
926 4093 1006 4149 puto,·
1025 4090 1133 4139 ridicule
1149 4092 1233 4139 inter-

201 4177 306 4236 ropanti
327 4176 423 4226 medico
441 4175 623 4224 Menaechmus
646 4176 754 4225 ridicule
777 4175 914 4237 respondet
936 4175 1024 4225 addita
1043 4177 1233 4237 percontataris
