3210 4798
566 266 631 326 Aet.
644 287 662 324 v
681 271 752 327 Sei
772 271 805 327 V.
821 274 902 324 7-27

158 459 209 501 veo
222 446 300 505 Nam
322 461 372 506 res
395 444 549 521 plurumas
571 446 725 522 pessimus,
750 463 840 522 quom
863 446 992 522 advenit,
1016 446 1089 523 fert3

223 556 305 631 Quas
328 556 353 616 si
376 559 525 617 autumem
548 558 652 633 omnis,
676 557 761 618 nimis
784 558 891 635 longus
915 563 1047 619 sermost.

222 668 283 729 Sed
306 667 383 729 haee
405 685 454 728 res
477 667 549 728 mihi
570 668 601 728 in
623 673 744 747 peotore
768 672 798 729 et
820 670 911 729 eorde
935 674 1062 745 comest,

222 779 374 854 Quidnam
396 778 453 840 hoe
477 779 515 839 sit
537 781 647 859 negoti,
673 780 753 857 quod
775 779 838 841 filis
860 780 902 840 sie

221 893 357 969 Repente
381 890 493 967 expetit
515 907 562 950 me
584 894 617 950 ut
639 889 679 949 nd
702 907 767 952 sese
789 891 871 967 irem,

164 1018 205 1059 ree
218 1005 286 1064 Nee
311 1002 384 1079 quid
405 992 438 1061 id
462 1002 508 1077 sit,
532 1000 604 1061 mihi
626 1001 737 1062 eortius
759 1002 840 1075 iacit,

221 1114 301 1188 Quid
324 1113 406 1190 velit,
431 1112 504 1190 quid
526 1131 572 1173 me
596 1118 739 1174 ueoersst.

220 1227 333 1286 Verum
355 1224 571 1302 propemodum
592 1223 651 1283 ism
674 1225 743 1295 seio,
768 1225 841 1302 quid
864 1226 920 1287 siet
942 1227 999 1287 rei:

221 1337 320 1398 Credo
344 1355 410 1397 oum
433 1336 498 1396 viro
522 1334 649 1412 litigium
671 1340 773 1397 natum
796 1355 860 1398 esse
884 1338 1017 1415 aliquod.

219 1450 269 1509 Itu
291 1449 384 1508 istnee
408 1447 514 1522 solent,
540 1464 617 1523 quse
639 1447 720 1507 viros
743 1449 912 1509 subservire

163 1574 205 1616 roo
220 1559 285 1621 Sibi
307 1560 470 1636 postulant,
495 1557 564 1618 dote
586 1557 691 1633 fretae,
714 1558 839 1619 ierooes.

219 1671 260 1730 Et
282 1670 326 1731 illi
349 1688 471 1747 quoque
493 1668 575 1730 haud
598 1669 748 1730 abstinent
771 1688 861 1746 saepe
883 1672 981 1747 eulpa.

219 1782 332 1842 Verum
355 1785 400 1842 est
422 1782 528 1841 modus
550 1785 659 1857 tumen,
684 1780 785 1857 quoad
807 1780 869 1857 peti
892 1799 1015 1842 uxorem
1038 1785 1164 1858 oportet.

219 1894 285 1954 Neo
307 1893 359 1970 pol
381 1891 444 1953 filis
465 1910 606 1969 umquam
628 1895 745 1968 patrem
767 1891 894 1953 adoersit
916 1892 955 1952 nd
978 1910 1018 1968 se,

219 2004 287 2088 Nisi
310 2008 362 2064 sut
385 2003 458 2080 quid
481 2002 628 2064 oommissi
651 2005 703 2062 aut
723 2004 801 2081 iurgi
824 2006 869 2063 est
892 2021 992 2063 eausa.

167 2132 206 2174 ree
220 2115 281 2177 Sed
305 2114 449 2192 quioquid
471 2114 503 2174 id
525 2117 578 2189 est,
602 2114 661 2173 iam
684 2114 784 2175 seiam.
829 2115 931 2190 Atque
954 2132 1055 2175 eooam
1078 2132 1198 2193 eumpse

210 2229 301 2288 *Ante
325 2226 409 2287 aedis
432 2230 461 2286 et
483 2218 548 2286 eius
568 2224 681 2286 tristem
703 2225 799 2286 virum
821 2226 925 2287 video:
951 2226 982 2286 id
1005 2230 1058 2302 est,
1084 2228 1165 2304 quod
1184 2246 1251 2290 sus-

881 2338 1014 2416 pioubur.

218 2450 394 2526 Appellato
417 2447 505 2509 hane.

662 2555 815 2611 diurnorum

498 2671 553 2731 Ibo
576 2669 737 2731 advorsum
759 2705 802 2715 —
823 2671 912 2731 Solve
936 2674 1068 2747 multum,
1091 2672 1130 2732 mi
1153 2677 1248 2750 peter.

688 2819 790 2875 Snnnx

173 2951 312 3015 rosSslvu
335 2952 384 3013 sis.
410 2955 513 3014 salven
537 2950 684 3014 advenioi
706 2952 809 3011 salven
831 2951 945 3011 reuersi
966 2950 1075 3012 iubesi

221 3064 302 3139 Quid
324 3068 356 3124 tu
378 3063 471 3125 tristis
494 3063 548 3125 esi
585 3061 657 3139 quid
679 3063 731 3123 ille
753 3065 852 3122 eutem
875 3063 928 3123 abs
951 3066 981 3123 te
1002 3062 1096 3125 iratus
1120 3063 1253 3125 dorreti

292 3339 340 3385 766
360 3350 444 3400 quem
462 3350 522 3388 corr
540 3350 623 3401 quom
642 3336 664 3386 Β
688 3366 691 3373 ·
768 3334 907 3397 ierthr,
929 3335 1007 3386 effert
1025 3338 1126 3399 Beorr,
1152 3339 1184 3399 C;
1204 3353 1253 3402 quo

220 3425 259 3472 tta
276 3424 360 3472 utitur
377 3424 486 3474 Brirrieu
509 3428 538 3474 ul
561 3424 694 3473 continuos
717 3423 837 3472 boccteor
862 3422 956 3485 efficiat
974 3423 1022 3472 hoc
1039 3423 1125 3487 formo
1143 3424 1254 3475 advenit

220 3506 257 3556 ud
269 3507 280 3570 11
292 3506 354 3556 Fert
371 3521 440 3572 quas
459 3509 481 3559 si
622 3511 671 3557 752
691 3520 756 3558 euru
776 3502 814 3557 eit
828 3508 892 3570 Bpr
905 3519 987 3557 ouree
1006 3503 1046 3557 eit
1063 3522 1122 3559 corr
1134 3509 1156 3558 Β

221 3594 270 3641 766
291 3595 382 3656 negoti
400 3593 419 3644 C
436 3594 572 3657 negetur
662 3596 711 3642 766
731 3594 851 3643 arcessat
868 3593 1021 3643 Lambinus:
1044 3590 1157 3643 accersit

221 3714 271 3761 'lot
291 3669 415 3763 oommrir
436 3714 457 3763 Β
476 3708 654 3764 oommrler
723 3677 788 3775 rurgn
808 3713 829 3761 Β
847 3712 959 3774 urrgrO
1058 3711 1252 3776 7661661ιί6-
1340 3698 1342 3708 ’

221 3798 290 3862 quid
308 3798 416 3848 Botlios
494 3801 541 3848 767
567 3797 613 3848 rho
631 3793 751 3848 uersum.
770 3796 819 3847 Ml.
836 3793 910 3847 salue
923 3797 945 3847 Β
958 3802 982 3848 el
1000 3796 1143 3860 (einoldi.)
1167 3795 1186 3847 G

291 3884 439 3934 advorsum
460 3882 586 3946 Pyladem
609 3895 737 3945 perronae
759 3887 847 3933 notum
864 3895 912 3932 suo
930 3883 983 3932 loeo
1004 3884 1091 3944 posuit
1111 3882 1253 3933 Guilelmus

291 3972 305 4016 7
310 3973 340 4019 66
352 3967 462 4018 salvuen
475 3967 611 4017 advenio?
623 3968 717 4019 salvan
732 3967 892 4029 enormium
906 3969 1031 4018 librorum
1041 3967 1134 4017 salven
1145 3967 1253 4018 Briseide

221 4057 331 4115 tutatur,
347 4054 391 4102 sed
403 4055 432 4100 ot
443 4064 495 4101 ooo
503 4053 582 4114 plane
591 4055 764 4115 persuadeam
783 4054 814 4104 de
826 4053 942 4105 advenio
953 4052 1122 4116 6616666626
1135 4051 1254 4117 pedibus

221 4137 359 4203 plumbeis
378 4135 458 4195 Quod
474 4135 634 4201 perhibetur
651 4140 728 4203 prius
745 4140 864 4190 venisset
882 4151 965 4202 qnam
983 4141 1014 4189 tu
1032 4138 1167 4189 advenisti
1186 4139 1253 4188 mihi
