3210 4798
647 1266 1002 1375 PROLOGUS

315 1475 457 1571 Salutem
479 1507 606 1585 primunr
628 1507 687 1567 ianr
710 1526 729 1567 a
750 1507 897 1585 prineipio
920 1507 1080 1585 propitiam

312 1619 385 1679 Mihi
408 1624 498 1696 atque
520 1619 615 1693 vobis,
639 1623 832 1695 speetatores‚
856 1618 970 1679 nuntio.

312 1731 451 1808 Adporto
473 1729 559 1791 vobis
582 1731 730 1804 Plautum,
753 1729 856 1806 lingua
878 1747 938 1790 non
960 1747 1063 1791 manu:

313 1841 431 1916 Quaeso
454 1846 487 1902 ut
508 1840 645 1919 benignis
669 1839 823 1918 accipiatis
846 1839 977 1901 auribus.

286 1954 399 2015 eNuno
422 1956 628 2030 argumentum
651 1952 777 2029 aooipite
801 1956 890 2027 atque
911 1951 1043 2013 animum
1066 1952 1230 2014 advortite:

313 2064 409 2138 Quam
431 2068 536 2142 potero
559 2063 590 2124 in
611 2064 706 2133 uerba
728 2063 879 2123 oonieram
902 2062 1091 2140 pauoissima.

311 2175 414 2252 Atque
436 2175 495 2237 hoo
517 2177 625 2253 poetae
648 2174 763 2236 iaoiunt
783 2174 814 2234 in
838 2174 1015 2236 eomoediis:

313 2285 415 2349 Omnis
437 2304 485 2347 res
507 2289 608 2364 gestas
631 2303 696 2348 esse
718 2284 847 2347 Athenis
871 2289 1034 2362 autumant,

312 2397 377 2472 Quo
400 2397 476 2459 illud
498 2397 584 2459 vobis
605 2415 747 2476 graeomn
769 2396 907 2459 videatur
929 2397 1033 2476 magis.

275 2520 299 2563 10
312 2509 376 2586 Ego
399 2526 547 2585 nusquam
571 2508 677 2585 diuam,
701 2508 758 2569 nisi
780 2509 832 2571 ubi
853 2509 964 2571 fautum
988 2509 1105 2571 dieitur.

312 2621 414 2697 Atque
437 2620 513 2682 adeo
535 2619 594 2681 hoo
617 2624 821 2698 argumentum
843 2620 1017 2699 graecissat,
1039 2626 1139 2697 tamen

312 2732 380 2793 Non
403 2731 557 2808 attioissat‚
581 2749 685 2792 verum
707 2730 906 2792 sieilioissitat.

312 2842 390 2904 Huio
413 2846 587 2921 argumento
611 2842 792 2920 antelogium
815 2841 872 2903 hoo
894 2842 972 2929 iirit:x

311 2956 399 3015 Nune
422 2957 628 3033 argumentum
650 2952 736 3015 vobis
759 2954 931 3014 demensum
954 2953 1042 3031 dabo,

274 3078 299 3121 re
312 3066 380 3127 Non
403 3066 502 3126 modio
524 3083 623 3141 noque
645 3063 794 3140 trimodio‚
817 3081 920 3125 verum
942 3064 1008 3143 ipso
1031 3065 1156 3126 horreo:

312 3177 441 3237 Tantum
464 3177 503 3238 ad
525 3176 708 3238 narrandum
731 3179 936 3254 argumentum
959 3176 1045 3238 adest
1066 3177 1244 3257 benignitas.

311 3287 461 3349 Mereatur
484 3287 605 3364 quidam
627 3287 683 3350 fuit
705 3287 863 3366 Syraeusis
886 3305 986 3349 senex.

312 3398 348 3457 Ei
371 3402 440 3460 sunt
461 3399 542 3460 natei
563 3398 616 3459 filii
638 3398 766 3477 geminei
789 3399 858 3474 duo,

311 3511 358 3569 lta
379 3509 476 3571 forma
497 3508 585 3571 simili
607 3511 721 3588 puerei,
744 3516 777 3573 ut
799 3515 894 3573 mater
917 3527 972 3572 sua

382 3761 396 3807 9
414 3757 495 3809 vobis
513 3758 582 3809 illud
601 3758 710 3821 rutatos
797 3762 829 3808 ⁴2
848 3759 998 3810 Paetorum
1016 3759 1089 3811 Festo
1104 3773 1132 3824 p.
1154 3764 1185 3811 28
1204 3760 1240 3810 Μ.
1256 3753 1339 3811 ‘Atti-

312 3843 396 3893 oisaat
414 3844 495 3893 attice
515 3844 644 3908 loquitur.
665 3845 775 3895 Plautus
793 3842 864 3894 “non
883 3845 1017 3896 atticissat
1034 3845 1084 3896 sed
1101 3840 1237 3897 rtoilterot”
1255 3845 1340 3896 idest

312 3928 399 3978 sioule
417 3922 556 3993 loquitur?
671 3932 700 3978 43
720 3931 782 3980 ante
800 3930 919 3993 elogium
938 3930 1083 4002 (elongrum
1102 3931 1132 3995 a)
1152 3929 1197 3981 BG
1256 3931 1340 3982 Auro·

311 4015 371 4063 otor
389 4015 462 4077 epist.
478 4017 509 4063 44
519 4013 606 4077 praes.
620 4006 666 4065 ‘Hi
684 4015 768 4078 igitur
784 4016 816 4065 ut
833 4015 943 4066 Plautus
962 4017 1000 4066 ait
1019 4016 1128 4066 interim
1147 4018 1227 4067 erunt
1243 4018 1340 4069 ortato-

310 4101 382 4162 ptum
394 4097 550 4150 fabularum
565 4100 667 4163 garruli
681 4102 708 4150 et
721 4096 898 4166 deceptores?
978 4105 1009 4150 46
1020 4102 1105 4153 Tanta
1115 4103 1178 4153 Ptor
1255 4107 1286 4153 49
1299 4105 1340 4155 uti

315 4181 483 4234 Camerarius
560 4185 660 4236 Nouius
676 4198 703 4249 p.
718 4188 776 4246 4443,
792 4189 823 4237 28
836 4177 965 4238 ‘matrem
983 4190 1089 4238 veteres
1107 4189 1189 4239 etiam
1206 4190 1339 4241 nutricem
