3210 4798
756 248 891 318 Prologus

309 423 387 497 Quia
407 422 491 484 ilium
514 425 645 484 clamore
666 422 729 483 vidi
751 424 922 502 flagitarier.

308 537 354 597 Nc
377 553 446 596 mcx
469 535 583 609 erretis,
607 536 666 595 iam
688 553 767 596 nunc
789 536 932 612 praedicc
954 535 1052 612 prins:

307 646 387 708 ldem
411 649 456 707 cst
478 647 623 708 ambobus
645 664 753 708 nemen
775 647 899 724 geminis
921 647 1073 709 iratribus.

307 759 396 819 Nunc
418 758 450 818 in
472 757 671 835 Epidamnum
693 758 820 834 pedibus
843 758 1028 820 redeundum
1051 764 1095 820 cst
1116 757 1197 833 mihi,

269 883 295 925 sc
308 869 349 929 Ut
370 869 448 930 hanc
471 887 533 929 rem
555 870 641 930 vcbis
665 868 842 930 examussim
865 868 1022 947 disputem.

309 980 339 1041 Si
364 981 430 1056 quis
455 980 527 1056 quid
550 986 681 1041 vestrum
703 980 902 1057 Epidamnum
925 981 1024 1042 curari
1046 981 1103 1042 sibi

307 1092 396 1168 Velit,
419 1092 563 1152 audacter
585 1091 731 1169 imperate
754 1096 784 1151 ct
806 1091 912 1153 dicitu:

308 1204 368 1266 Sed
390 1203 433 1264 ita
455 1208 488 1264 ut
511 1203 570 1279 det,
594 1203 674 1264 unde
697 1203 796 1264 curari
817 1202 850 1264 id
871 1203 966 1280 possit
988 1203 1052 1263 sibi.

307 1317 385 1376 Nam
407 1316 465 1376 nisi
488 1314 540 1391 qui
562 1311 643 1395 [non]
666 1318 821 1392 argentum
844 1313 961 1375 dederit
982 1333 1077 1392 nugas
1101 1314 1211 1392 egerit:

268 1442 294 1482 sc
308 1424 387 1508 [nam
409 1423 477 1507 nisi]
501 1425 559 1500 Qui
582 1425 698 1486 dederit
720 1425 814 1503 magis
836 1424 963 1487 maiores
985 1443 1081 1503 nugas
1105 1425 1207 1504 egerit.

307 1540 417 1598 Verum
439 1537 512 1598 illuc
534 1536 635 1612 redeo,
666 1537 746 1598 unde
769 1537 838 1611 abii,
863 1540 953 1613 atque
976 1554 1036 1597 unc
1059 1536 1145 1599 adstc
1168 1537 1199 1598 in
1225 1539 1301 1599 lucc.

307 1647 547 1726 Epidamniensis
569 1647 630 1723 illc,
655 1665 743 1724 quem
765 1648 877 1709 dudum
900 1647 1042 1723 dixeram,

307 1760 463 1823 Geminum
484 1761 569 1821 illum
590 1777 716 1836 puerum
739 1758 791 1835 qui
813 1758 967 1836 surrupuit
989 1759 1124 1833 ulterum,

308 1872 344 1932 Ei
366 1872 537 1946 liberorum,
562 1870 619 1930 nisi
642 1869 772 1945 divitiae,
796 1869 839 1930 nil
862 1872 941 1930 crat:

268 1983 442 2058 ccAdcptat
463 1982 547 2042 illum
569 1999 695 2058 puerum
718 1979 929 2057 surrupticium

307 2094 370 2155 Sibi
391 2093 484 2153 filium
507 2092 595 2169 eique
617 2110 741 2152 uxerem
764 2092 897 2152 dotatam
919 2091 1011 2165 dedit,

308 2205 444 2280 Eumque
466 2203 608 2264 heredem
630 2203 701 2264 iecit
724 2221 814 2279 qucm
835 2203 901 2280 ipse
924 2203 998 2264 obiit
1019 2202 1107 2263 diem.

306 2317 383 2376 Nam
406 2333 457 2376 rus
479 2320 512 2376 ut
533 2315 597 2375 ibat
617 2314 705 2390 icrtc,
728 2318 762 2375 ut
783 2315 907 2376 multum
930 2315 1057 2391 pluerat,

307 2429 464 2506 Ingressus
486 2426 609 2488 fluvium
630 2426 769 2504 rapidum
792 2426 829 2487 ab
853 2426 927 2486 urbe
949 2425 1031 2487 haud
1054 2426 1184 2505 longule,

268 2538 441 2616 ccRapidus
463 2538 578 2615 raptori
600 2538 686 2614 pueri
709 2536 850 2598 subduxit
872 2537 966 2614 pedes

306 2649 525 2727 Apstraxitquc
547 2648 697 2710 hominem
718 2648 750 2708 in
771 2647 928 2709 maximam
951 2649 1059 2709 maiam
1082 2666 1209 2710 crucem.

307 2761 355 2821 Illi
378 2761 499 2822 divitiae
522 2764 687 2821 evenerunt
708 2758 862 2820 maximae.

307 2873 337 2933 Is
358 2872 421 2933 illic
443 2870 568 2946 habitat,
592 2871 726 2948 geminus
749 2870 956 2945 surrupticius.

307 2984 395 3044 Nunc
416 2983 468 3044 ille
490 2981 634 3060 geminus,
659 2979 711 3058 qui
733 2980 890 3058 Syrasusis
913 2981 1013 3055 habet,

269 3108 295 3151 rc
308 3093 407 3156 Hodie
428 3094 459 3155 in
482 3090 681 3170 Epidamnum
703 3091 786 3153 venit
807 3109 874 3153 cum
897 3109 983 3153 serve
1007 3109 1060 3153 suo

308 3205 396 3267 Hunc
420 3204 618 3281 quaeritatum
641 3204 790 3282 geminum
811 3221 985 3281 germanum
1008 3222 1102 3266 suum.

308 3460 419 3511 Plautus
435 3496 458 3511 ..
478 3459 512 3509 Et
523 3460 689 3510 Menechmis
707 3456 868 3527 “propterea
938 3454 1077 3511 facilius”.’
1184 3462 1215 3510 88
1236 3460 1337 3510 Nectar

307 3559 333 3609 p.
350 3549 375 3606 8,
391 3537 611 3596 tu‘cxamussim
626 3582 632 3596 .
649 3546 780 3597 ,Plautus
796 3584 802 3598 .
819 3547 914 3597 ‚Idem
928 3545 955 3595 in
968 3545 1135 3596 Menechmis
1148 3540 1218 3595 “ut.
1236 3581 1241 3593 .
1258 3581 1264 3595 .
1279 3544 1337 3595 dis-

308 3624 440 3695 putem”.’
525 3634 553 3680 88
576 3624 626 3681 srbr
644 3632 712 3682 uelit
723 3631 734 3695 ΙΙ
746 3632 916 3684 Audactch
1010 3632 1040 3681 ct
1060 3642 1115 3681 non
1133 3631 1238 3680 inducit
1255 3630 1337 3680 Borc-

308 3716 385 3767 aldus
492 3718 523 3767 88
542 3715 613 3769 Nam
631 3717 685 3768 nisi
702 3718 807 3768 inducit
825 3718 934 3780 Pylades
1038 3719 1070 3765 88
1089 3728 1173 3780 quom
1190 3714 1333 3765 Acidals'uc:

308 3814 392 3864 quam
482 3803 512 3850 88
531 3801 658 3867 pluuerat
676 3815 736 3852 corr
752 3803 890 3854 Vaticanus
976 3801 1128 3853 Consentius
1142 3813 1171 3864 p.
1188 3802 1247 3861 878,
1260 3803 1291 3849 88
1302 3800 1334 3849 K.

304 3875 407 3951 ‘piuit.
425 3886 535 3951 ‚priore
553 3888 680 3953 correpta
697 3888 822 3952 quamvis
835 3888 947 3939 Plautus
964 3886 1124 3951 produxerit
1146 3886 1174 3936 in
1193 3885 1337 3936 Menaech-

308 3971 361 4022 mis
378 3967 470 4021 “icrtc
487 3974 518 4021 ut
536 3970 571 4035 (ct
589 3972 701 4036 Monac.)
720 3974 837 4024 multum
852 3966 996 4036 pacorum?
1100 3973 1132 4021 88
1150 3970 1234 4037 pedes
1253 3970 1338 4022 Sara·

310 4103 490 4159 ccccc:i1dei
550 4110 581 4157 88
594 4054 710 4160 888818ὴέ
726 4109 862 4161 Vaticanus
933 4111 963 4158 7⁰
979 4107 1070 4157 veniet
1081 4106 1223 4173 chpcrtuc
1290 4103 1338 4157 suc
