3210 4798
560 258 626 318 Aet.
640 276 673 319 ιν
691 261 736 319 Se.
751 266 767 316 2
785 265 821 321 V.
836 268 937 319 66-66

694 435 817 491 Mumnn

175 541 222 583 eoo
237 524 249 613 ΙΙ
263 531 311 589 Ne
334 547 389 607 ego
412 534 528 591 ecastor
550 532 656 593 mulier
677 534 795 594 misere.

649 641 864 697 Mnunnomuoe

736 739 794 812 Qui
816 745 848 800 tu
870 740 1042 816 miseritos,
1066 743 1105 802 mi
1128 743 1245 820 expedi.
1260 739 1271 827 ΙΙ

662 848 838 902 Puumunus

236 941 322 1002 Nihil
344 941 401 1006 hoo
424 942 628 1018 confidentius,
653 945 705 1020 qui
728 963 806 1020 quae
828 946 913 1007 vides
936 965 971 1007 eu
993 953 1146 1026 pernegat.

645 1052 860 1108 Mnunnonuus

237 1149 296 1209 Per
318 1149 420 1208 Iovem
443 1148 574 1225 deosque
597 1149 690 1210 omnis
713 1149 827 1228 adiuro,
850 1170 934 1227 uxor,
957 1152 1034 1213 satin
1056 1153 1114 1214 hoe
1136 1154 1265 1233 esttibi,

183 1271 224 1314 eos
237 1260 285 1320 Me
307 1259 358 1320 isti
379 1278 439 1321 non
460 1264 590 1322 nutasse.

667 1369 835 1423 anoonos

598 1466 699 1527 Credit
720 1467 779 1527 iam
802 1467 856 1528 tibi
878 1467 916 1528 de
937 1468 1017 1529 istie:
1042 1468 1113 1530 illue
1135 1470 1210 1531 redi.

642 1574 857 1629 Mennecnuus

237 1663 302 1736 Quo
325 1679 381 1741 ego
403 1661 547 1723 redeemi
572 1702 575 1709 ⁴

664 1772 840 1825 Pnumunue

425 1867 573 1945 Equidem
589 1868 627 1928 ed
643 1868 839 1947 phrygionem
855 1885 970 1930 denseo.
995 1869 1031 1946 ei,
1048 1870 1159 1946 pellem
1174 1870 1262 1932 refer.

639 1976 855 2031 dinunnmmus

184 2084 223 2127 eio
236 2072 318 2147 Quae
340 2074 433 2134 ieieee
455 2074 539 2151 pelle
561 2072 628 2134 esti

275 2178 280 2188 ’
661 2180 831 2234 anmonoo

477 2279 578 2340 Taceo
592 2279 652 2339 iam
668 2280 787 2357 quando
803 2280 852 2342 hio
867 2298 929 2342 rem
948 2300 1008 2343 non
1021 2280 1153 2342 meminit
1167 2264 1276 2342 suem(

672 2409 690 2445 ii*
734 2409 752 2445 ii*
796 2410 814 2446 ii*

645 2508 852 2560 Muuuueuuuo

230 2605 310 2666 Num
334 2603 400 2682 quis
423 2622 574 2665 servorum
597 2604 748 2682 deliquiti
769 2625 841 2667 num
864 2607 990 2668 enoillee
1014 2610 1066 2667 eut
1088 2604 1185 2666 servei
1207 2604 1260 2665 tibi

230 2714 441 2794 Responsunti
463 2717 616 2792 eloquere:
641 2717 753 2793 inpune
775 2735 835 2776 non
858 2717 921 2777 erit.

687 2823 811 2877 dinume

918 2913 1022 2988 Nugas
1044 2910 1124 2988 agie.

634 3020 850 3075 Meminerimus

173 3129 214 3171 6¹³
227 3112 238 3201 li
248 3117 357 3179 Tristis
368 3118 527 3179 admodum
536 3122 591 3179 est:
606 3136 665 3179 non
676 3118 748 3178 mihi
759 3118 836 3179 istue
848 3117 920 3179 setis
932 3120 1032 3195 plaoei
1040 3114 1155 3199 [Nugae
1163 3112 1259 3198 egidii]

316 3377 364 3423 666
384 3374 483 3425 misera
502 3374 540 3438 es]
561 3331 684 3425 muerffes
700 3376 721 3424 Β
736 3387 804 3434 corr,
831 3369 944 3425 musei-ei
953 3372 1066 3439 Bpr,G
1186 3373 1257 3434 Quid

228 3462 259 3512 tu
284 3462 393 3512 Briseidos
556 3464 604 3510 666
623 3474 671 3525 quu
690 3474 742 3537 quq
762 3461 864 3520 Βσονν,
892 3472 1013 3524 quinque
1033 3460 1054 3508 Β
1067 3458 1148 3522 pr,C

229 3550 278 3596 668
297 3546 339 3597 Me
358 3546 402 3597 isti
421 3558 476 3596 non
495 3546 620 3609 Pplodee:
642 3546 693 3595 Meu
714 3540 732 3594 iu
751 3558 806 3595 non
825 3546 846 3595 Β
865 3546 917 3595 Meu
936 3540 1022 3595 sunon
1044 3544 1064 3597 0
1150 3544 1184 3594 de
1202 3544 1256 3593 isio

229 3632 334 3683 Botoioe
436 3631 547 3695 [ortam
571 3632 605 3682 de
629 3631 689 3681 istis
713 3627 786 3680 tibi'
869 3634 917 3679 669
943 3643 992 3694 ego
1010 3631 1121 3680 redeam
1145 3629 1254 3690 Bcorr,

227 3717 372 3779 egredeem
392 3717 466 3780 Bpr,
490 3716 509 3767 G
612 3716 645 3780 ei]
666 3716 676 3765 i
697 3715 838 3766 Gruterus:
866 3718 893 3766 ei
997 3718 1045 3763 666
1065 3715 1109 3765 hio
1131 3713 1256 3765 Camera-

226 3804 298 3853 m‘os:
318 3802 370 3852 hee
389 3802 434 3909 ΒΟ
525 3804 650 3853 memmui
668 3803 770 3863 Bcorr,
790 3814 903 3852 memmi
922 3800 943 3849 Β
953 3813 997 3864 pr,
1021 3799 1041 3851 C
1130 3801 1174 3848 666
1198 3793 1254 3848 ier·

366 3877 403 3908 len

227 3924 272 3972 vet
292 3920 312 3972 C
329 3917 415 3987 servet
433 3923 454 3972 Β
472 3923 543 3973 servi
559 3922 687 3973 Gruterus
774 3924 822 3971 dii
841 3918 1030 3986 desponsant?
1053 3918 1182 3984 eloquere
1202 3916 1254 3968 Co-

226 4043 370 4092 merorioe:
391 4036 510 4106 Respons
525 4044 587 4091 ente
602 4042 715 4106 loquere
730 4036 903 4107 CRespondq
917 4005 978 4104 dni}
991 4039 1104 4102 loquere
1116 4038 1138 4089 Β

228 4129 275 4175 666
290 4127 382 4191 Nugas
401 4127 458 4190 egis
475 4128 579 4178 indeed
592 4128 754 4186 Bouchetion,
775 4140 809 4177 ex
824 4127 954 4190 prooemio
971 4137 1029 4175 eoem
1041 4125 1087 4175 hoc
1098 4137 1176 4175 verso
1191 4136 1254 4174 eoo-

1007 4226 1047 4278 4*
