3210 4798
715 300 779 353 Act.
792 313 817 355 11
835 296 879 354 Se.
894 300 910 351 3
929 298 966 355 V.
982 300 1080 352 18-31

794 471 1009 527 Meuancmws

1125 568 1205 643 Quid
1226 587 1345 632 mecum
1370 570 1429 629 tibi

383 679 455 739 Fuit
476 698 618 757 umquam
641 685 692 741 aut
714 698 793 741 nunc
817 684 862 740 est
883 679 1006 758 negotii

830 823 971 877 Encmuu

881 919 959 994 Quia
981 922 1033 997 pol
1054 925 1084 982 te
1107 939 1197 982 unum
1221 940 1258 983 ex
1281 923 1428 984 omnibus

332 1043 370 1086 666
384 1030 486 1090 Venus
509 1048 554 1090 me
570 1031 666 1091 veluit
689 1031 889 1109 magnificare,
912 1049 1012 1107 neque
1034 1032 1066 1092 id
1084 1031 1166 1093 baud
1188 1034 1333 1094 immerite
1359 1039 1427 1095 tue.

382 1143 459 1202 Nam
483 1147 602 1203 ecastor
622 1143 704 1203 selus
727 1144 803 1204 bene
825 1142 912 1204 factis
934 1143 993 1204 tuis
1015 1162 1062 1204 me
1084 1145 1239 1206 florentem
1262 1144 1347 1206 facis.

793 1286 1007 1340 Mnuancuuus

383 1381 472 1442 Oertc
496 1381 572 1443 haee
595 1383 700 1444 mulier
723 1387 775 1444 aut
796 1384 903 1443 insana
925 1389 977 1444 aut
1000 1384 1084 1445 ebria
1106 1390 1163 1460 est,
1186 1386 1345 1461 Messenia,

383 1492 468 1565 Quae
491 1492 640 1555 bominem
663 1495 796 1572 ignotum
819 1496 970 1571 conpellet
991 1515 1038 1557 me
1060 1501 1121 1557 tam
1142 1496 1337 1557 familiariter.

821 1638 978 1693 Mnesnuro

382 1733 473 1794 Dixin
497 1753 553 1811 ege
575 1736 669 1796 istaec
691 1735 740 1796 hic
763 1738 860 1796 solere
881 1735 969 1796 fierit
1012 1735 1086 1797 felia
1107 1755 1186 1798 nunc
1209 1737 1330 1811 cadunt,

331 1852 370 1893 ³⁷⁰
384 1845 503 1921 praeut,
527 1847 551 1907 si
565 1847 696 1908 triduum
711 1846 769 1907 hcc
781 1846 830 1908 bie
846 1849 965 1920 erimus,
988 1852 1050 1908 tum
1066 1848 1189 1909 arbores
1204 1849 1235 1910 in
1251 1853 1281 1910 te
1296 1850 1421 1910 cadent.

382 1958 459 2017 Nam
481 1957 523 2018 ita
546 1963 614 2018 sunt
636 1958 684 2019 hie
707 1960 893 2020 meretrices:
918 1977 1020 2020 cmnes
1043 1960 1199 2020 elecebrae
1217 1961 1420 2038 argentariae.

383 2067 443 2128 Sed
455 2069 518 2130 sine
534 2070 662 2130 medum
677 2070 756 2131 hanc
772 2072 963 2148 compellare.
985 2105 1018 2115 -
1037 2071 1121 2132 Heus
1137 2071 1251 2147 mulier,
1267 2071 1321 2132 tibi
1337 2072 1420 2134 dico.

830 2215 974 2267 Eleorum

1246 2311 1326 2387 Quid
1350 2312 1421 2374 esti

820 2419 977 2473 Mensarum

330 2538 368 2580 ers
382 2523 441 2584 Ubi
463 2528 495 2584 tu
518 2523 598 2585 hunc
621 2523 769 2585 hominem
791 2523 919 2584 nevistii

828 2667 969 2722 Encmuu

909 2765 1034 2839 Ibidem,
1057 2766 1109 2826 ubi
1131 2765 1180 2826 hic
1203 2784 1248 2826 me
1271 2766 1330 2826 iam
1353 2766 1417 2842 diu,

381 2879 417 2938 In
441 2877 619 2954 Epidamno.

820 2985 976 3040 Messenio

612 3085 647 3142 In
670 3082 847 3159 Epidamno,
872 3082 924 3158 qui
946 3082 1005 3142 huc
1027 3083 1058 3142 in
1080 3082 1158 3143 hane
1181 3083 1285 3143 urbem
1307 3082 1416 3158 pedem

330 3209 368 3250 666
382 3194 447 3254 Nisi
470 3192 559 3253 hodie
582 3211 744 3270 numquam
765 3195 843 3254 intre
867 3193 985 3254 tetulit?

827 3337 969 3391 Eacmuu

1001 3434 1087 3508 Heia,
1112 3433 1234 3493 delicias
1257 3432 1340 3508 facis,

383 3547 423 3606 Mi
445 3543 652 3606 Menaechme:
675 3546 748 3621 quin
773 3546 879 3606 amabo
902 3546 928 3606 is
950 3545 1044 3606 intro:
1068 3544 1117 3605 hie
1139 3543 1193 3604 tibi
1216 3544 1271 3604 erit
1292 3543 1412 3604 rectius.

453 3804 500 3851 361
521 3803 621 3865 negata
638 3800 683 3851 BG
770 3806 819 3851 366
839 3801 906 3852 facis
925 3802 985 3851 clim
1002 3805 1161 3851 correctam:
1178 3796 1262 3850 166661
1277 3777 1317 3850 uel
1335 3792 1416 3851 latras

385 3931 429 3980 BC
508 3933 556 3979 369
576 3930 676 3994 hercfl
758 3887 879 3997 egicae
967 3930 1328 3979 3761166666663166666136
1344 3939 1411 3975 mua.

385 4018 462 4066 llbec.
479 4019 544 4065 lara
561 4029 589 4077 p.
605 4020 653 4065 176
736 4017 775 4080 Cf.
791 4018 889 4066 Paulus
901 4017 1026 4066 diaconas
1038 4029 1072 4065 666
1084 4014 1154 4065 Festo
1169 4028 1196 4077 p.
1213 4018 1244 4063 76
1259 4006 1413 4063 ‘elecebrae

384 4102 562 4164 argentariae,
583 4103 740 4152 meretrices
759 4102 793 4153 ab
813 4101 948 4151 eliciendo
968 4103 1078 4163 argente
1099 4093 1205 4150 dictae?
1276 4102 1325 4147 373
1340 4089 1417 4148 dicos

385 4186 685 4248 cccccccccc
789 4188 1022 4239 3‘lberthraC
