3210 4798
696 304 762 363 Act.
776 322 800 361 11
816 306 863 364 Sc.
879 309 890 359 l
910 307 945 363 V.
962 310 1045 362 1-12

355 1274 634 1336 MENAEOHMUS
664 1273 939 1336 ADULESCENS.
998 1276 1198 1340 Maesulus
1225 1277 1385 1338 SERVUS.

795 1387 937 1448 TACITI

761 1564 977 1619 Mauauamrus

304 1670 343 1714 22⁴
356 1661 504 1738 Voluptas
526 1663 612 1722 nulla
633 1665 679 1722 est
701 1661 818 1737 navitis,
842 1663 1000 1738 Messenio,

356 1773 452 1834 Maior
474 1792 539 1834 mea
563 1773 670 1849 anima,
696 1792 786 1850 quam
810 1774 930 1849 quanda
954 1793 991 1835 ex
1014 1776 1075 1835 alto
1097 1775 1204 1852 procul

355 1885 482 1945 Terram
504 1885 701 1962 conspiciunt.

792 1994 949 2047 Mussrura

717 2092 821 2166 Maior,
846 2111 907 2152 nan
931 2091 1027 2152 dicam
1050 2092 1130 2166 dala,

303 2212 341 2254 22⁷
357 2199 468 2282 [quam]
491 2202 524 2261 Si
546 2202 709 2263 adveniens
731 2208 843 2264 terram
864 2203 969 2263 videas
994 2221 1071 2279 quae
1093 2203 1182 2264 fuerit
1203 2207 1264 2262 tua.

356 2313 416 2374 Sed
440 2331 562 2388 quaeso,
587 2331 677 2389 quam
699 2316 737 2377 ab
760 2332 824 2375 rem
846 2333 925 2375 nunc
948 2313 1148 2391 Epidamnum
1170 2313 1326 2375 venimusl

355 2425 406 2484 Au
429 2425 517 2500 quasi
539 2443 620 2485 mare
643 2425 737 2486 amnis
760 2425 949 2486 circumimus
971 2425 1107 2485 insulasl

767 2542 974 2595 Mammosam

304 2649 344 2692 23⁰
356 2639 494 2699 Fratrem
517 2638 684 2715 quaesitum
706 2639 855 2716 geminum
877 2658 1050 2716 germanam
1075 2657 1180 2700 meum.

791 2749 948 2802 Massrura

354 2846 433 2905 Nam
456 2845 531 2921 quid
553 2845 634 2906 madi
655 2845 788 2906 futurum
810 2851 855 2907 est
876 2847 960 2907 illum
985 2845 1153 2923 quaereret

355 2957 412 3017 Hic
436 2975 532 3017 annus
555 2960 656 3018 sextus
679 2961 732 3033 est,
756 2963 917 3035 postquam
940 2958 968 3017 ei
989 2958 1034 3018 rei
1056 2975 1179 3034 operam
1202 2957 1315 3017 damus.

355 3068 483 3144 Histros,
508 3069 669 3145 Hispanas,
692 3070 897 3145 Massiliensis,
921 3069 1066 3143 Hilarius,

355 3179 438 3239 Mare
462 3197 602 3255 superum
625 3197 712 3240 amne
736 3180 954 3255 Graeciamque
977 3179 1124 3240 exoticam

303 3309 342 3353 aas
357 3287 494 3365 Orasque
517 3290 639 3350 Italicas
662 3291 766 3366 amuis,
792 3310 852 3368 qua
875 3291 1050 3367 adgreditur
1072 3309 1163 3366 mare,

424 3584 472 3631 tul
494 3583 615 3632 Placidus
633 3584 784 3634 Lactantius
802 3584 829 3630 iu
843 3582 946 3644 Papinii
959 3581 1035 3631 Statu
1052 3581 1189 3631 Thebaidos
1203 3585 1227 3639 2,
1245 3583 1291 3629 let
1307 3574 1387 3645 ‘pra-

355 3670 459 3734 spectet
477 3669 594 3718 amicam
607 3669 708 3735 Puppis
726 3670 856 3718 humum:
878 3665 1024 3717 suffecerat
1042 3666 1183 3717 addidisse
1202 3668 1316 3716 humum
1335 3667 1388 3715 nisi

355 3755 478 3817 iungeret
505 3754 630 3804 amicam.
652 3756 683 3804 ut
709 3754 747 3803 Pl.
778 3754 806 3803 in
829 3753 900 3803 ltlen.
920 3749 1054 3815 “valuptas
1077 3753 1150 3802 aulla
1170 3756 1208 3802 est
1306 3765 1388 3816 quam

275 3860 280 3869 ·
354 3841 458 3900 quanda
481 3853 514 3888 ex
538 3840 593 3890 alta
617 3839 714 3904 procul
740 3839 851 3889 Terram
867 3840 1039 3901 prospiciunt.
1060 3838 1148 3887 maiar
1166 3843 1203 3888 ccl
1221 3852 1277 3888 nan
1296 3839 1387 3888 dicem

356 3925 421 3975 dala
443 3926 526 3987 Quam
543 3927 567 3975 si
584 3925 732 3976 adveniens
751 3928 852 3974 terram
871 3926 1013 3986 conspicias
1031 3938 1101 3988 quae
1120 3923 1202 3974 tuerit
1220 3919 1300 3974 tua”.'

354 4023 612 4060 vauurrasuuuuaasr
630 4011 650 4059 A
669 4005 768 4060 nullast
785 4005 915 4073 uoluptas
925 4010 969 4061 BC
1070 4013 1120 4060 225
1140 4010 1259 4074 quenda]
1281 4024 1346 4072 qum
1369 4008 1388 4058 C

355 4094 460 4159 qrimB
548 4100 596 4145 227
617 4097 645 4146 si
663 4097 808 4146 Acidalius:
835 4096 922 4156 Quam
942 4091 961 4146 [ι
1054 4099 1102 4145 228
1124 4110 1151 4145 rn
1170 4095 1388 4159 eprdamnumB

424 4186 472 4231 232
488 4183 512 4230 ei
526 4183 565 4231 rei
581 4182 723 4232 Gruterus:
740 4196 779 4231 rre
792 4183 820 4232 hr
