3210 4798
375 284 415 346 34
703 278 771 336 Act.
783 294 810 335 11
826 278 871 336 Sc.
886 281 901 332 3
920 278 956 335 V.
970 280 1072 333 43-33

820 450 962 506 Raecium

322 565 361 608 399
374 550 432 624 Qui
453 552 537 612 lubet
558 550 686 611 ludibrio
708 550 820 610 habere
842 566 889 609 me
911 552 1003 625 atque
1024 548 1068 609 ire
1090 546 1199 608 infitias
1221 547 1292 606 mihi

373 662 469 722 Fseta
492 680 569 738 quae
593 661 683 723 eunti

785 768 1000 823 Mammenses

639 867 697 928 Die
721 866 794 944 quid
816 865 914 926 estid
937 864 1018 943 qued
1040 882 1145 942 negem
1169 863 1249 940 quod
1271 862 1407 923 fecerim.

819 972 962 1029 Eacmuai

322 1083 362 1127 sea
375 1074 490 1134 Pallam
512 1077 541 1133 93
564 1071 653 1133 hodie
676 1071 748 1133 mihi
770 1071 889 1133 dedisse
911 1070 1021 1133 uxoris.

784 1181 992 1234 3333333333

1022 1276 1121 1336 Etiam
1142 1292 1221 1336 nune
1243 1291 1328 1351 nego.

375 1390 439 1466 Ege
463 1389 583 1464 quidem
605 1407 703 1466 neque
725 1407 867 1465 umquam
894 1405 1016 1449 uxerem
1045 1388 1138 1448 habui
1165 1404 1263 1463 neque
1291 1384 1407 1446 habeo:

1070 1517 1170 1575 neque
1192 1497 1251 1559 hue

376 1611 524 1687 Umquam
539 1616 697 1688 postquam
712 1616 800 1672 natus
815 1629 879 1672 sum
893 1611 974 1671 intre
986 1615 1102 1687 portam
1117 1609 1273 1688 penetravi
1287 1609 1408 1685 pedem.

323 1737 362 1781 see
376 1722 488 1782 Prandi
509 1722 541 1783 in
563 1724 642 1798 nevi,
666 1723 736 1784 inde
759 1723 818 1784 huc
841 1739 978 1801 egressus
1001 1739 1080 1781 sum:
1105 1726 1134 1782 te
1157 1720 1291 1782 conveni.

821 1831 963 1886 anmum

1281 1927 1409 2002 Eecere,

377 2037 456 2098 Perii
479 2038 600 2100 misera:
627 2057 716 2115 quam
738 2043 771 2099 tu
793 2038 865 2099 mihi
886 2056 966 2100 nunc
987 2057 1094 2099 navem
1116 2036 1242 2098 narres?

787 2147 1003 2202 Maeaacnsws

1251 2242 1408 2319 Ligneam,

327 2371 365 2414 399
379 2353 476 2430 Saepe
498 2354 607 2427 mitam,
632 2372 722 2430 saepe
744 2353 842 2429 fixam,
867 2371 958 2430 saepe
981 2371 1136 2415 excussam
1161 2354 1277 2414 mallee.

379 2463 471 2537 Quasi
494 2466 630 2541 supellex
651 2465 798 2541 pelliceis,
821 2467 909 2542 palus
931 2466 1001 2541 palo
1022 2470 1205 2543 proxumusi.

823 2573 965 2627 Eacmim

379 2670 443 2730 lam
465 2670 571 2730 amabe
594 2670 695 2731 desine
718 2671 805 2731 ludes
826 2670 927 2732 iecere
949 2675 1041 2746 atque
1062 2670 1072 2730 i
1095 2669 1152 2731 hac
1174 2688 1289 2731 meeum
1305 2672 1409 2731 semul.

788 2779 1003 2834 Maneacmws

325 2876 485 2936 ieeNeseio
509 2894 606 2952 quem,
630 2876 744 2949 mulier,
769 2877 859 2937 elium
881 2876 1036 2952 hominem,
1060 2895 1120 2938 nen
1141 2894 1187 2936 me
1211 2875 1371 2952 quaeritas.

822 2993 963 3048 Eaerwm

379 3090 447 3149 Neu
469 3107 524 3166 ege
546 3094 575 3150 93
598 3091 682 3166 nevi,
705 3091 946 3166 Menaechmum,
970 3089 1091 3151 Moscho
1112 3093 1290 3167 prognatum
1312 3095 1409 3166 patre,

379 3198 437 3272 Qui
460 3200 617 3277 Syracusis
639 3202 797 3278 perhibere
819 3206 907 3263 natue
930 3219 995 3262 esse
1018 3202 1049 3262 in
1071 3201 1180 3276 Sicilia,

379 3309 438 3370 Ubi
460 3329 515 3371 rex
535 3310 720 3389 Agathocles
743 3318 883 3390 regnator
905 3313 969 3389 fuit,
993 3316 1023 3373 39
1043 3314 1149 3374 iterum
1171 3311 1300 3388 Pinthia,

376 3564 404 3612 p.
420 3553 478 3610 333,
494 3554 508 3600 3
522 3552 558 3601 Μ.
569 3544 669 3614 ‘Rit[us
688 3565 748 3602 mos
766 3552 809 3601 vel
828 3552 998 3603 consuetudo
1014 3588 1081 3604 ....
1099 3553 1210 3603 Plautus
1224 3552 1251 3601 in
1264 3553 1408 3602 Menaech-

379 3636 431 3685 mis
455 3635 551 3686 “certe
568 3638 636 3687 haec
654 3638 754 3687 mulier
771 3636 934 3701 can]terin[0
953 3639 1008 3689 ritu
1026 3640 1119 3688 astans
1137 3638 1256 3688 somniet
1274 3674 1282 3690 .
1300 3637 1315 3701 .]

380 3748 429 3794 333
447 3743 541 3798 uxoris
555 3745 601 3798 sed
621 3761 676 3797 lem
696 3749 716 3797 B
733 3746 829 3800 uxoris
848 3715 901 3815 eti}
921 3749 941 3801 C
1045 3752 1092 3797 333
1115 3747 1158 3812 [39]
1179 3751 1206 3798 93
1225 3749 1374 3800 nescisses

456 3846 574 3885 conuem
599 3834 791 3897 33333311Ε33.
808 3837 878 3885 Peru
897 3836 919 3886 B
938 3847 1054 3886 conuem
1073 3847 1168 3884 eccere
1179 3833 1190 3896 ΙΙ
1203 3835 1273 3884 Peru
1294 3835 1328 3895 C,
1349 3848 1408 3884 ccr-

378 3923 449 3970 rece
471 3921 653 3971 Tausiriacum
766 3924 814 3971 333
834 3921 921 3981 Quem
940 3917 959 3971 si
979 3921 1025 3972 BC
1118 3923 1166 3969 333
1186 3920 1241 3969 Iam
1258 3919 1318 3983 [me]
1337 3919 1407 3970 Gre-

380 4010 451 4054 93933
532 4006 588 4055 Iam
601 4007 703 4057 amabo
715 4007 816 4057 desiste
825 4007 1002 4056 Fieckee’secus
1079 4005 1165 4057 semul
1176 4006 1197 4055 B
1210 4019 1278 4065 corr,
1296 4006 1315 4056 C
1327 4001 1406 4055 semel

381 4091 403 4139 B
413 4104 448 4151 pr
529 4094 576 4140 933
597 4089 694 4145 Nescio
714 4107 796 4157 quem
816 4093 837 4142 B
855 4094 926 4144 Nem
945 4106 1028 4157 quem
1045 4094 1146 4155 reliqui,
1170 4105 1220 4154 quc
1237 4096 1275 4143 9999·
1292 4106 1344 4142 cce
1362 4095 1408 4142 de-
