3210 4798
410 298 453 356 lv
853 292 996 349 Praefatio

411 489 507 550 quam
523 469 659 531 maxime
683 467 862 531 studiosus:
889 490 984 550 quam
1001 478 1191 532 consecutus
1207 469 1302 532 etiam
1317 467 1350 530 in
1365 488 1442 549 per-

411 591 559 634 sonarum
572 571 657 633 notis
668 572 808 654 Ussingii
821 574 1003 654 exemplum
1017 574 1158 636 imitatus
1173 592 1244 636 sum
1257 573 1300 636 ita
1311 579 1347 634 ut
1358 592 1440 654 quae

410 676 544 737 omissae
560 683 615 737 aut
630 695 728 757 prave
744 676 881 757 scriptae
898 685 1005 740 essent
1020 678 1053 738 in
1070 675 1162 738 libris
1177 674 1219 757 (h.
1234 695 1263 739 e.
1278 674 1311 736 in
1327 678 1441 740 Vetere

410 777 533 860 Codice)
549 777 676 841 diverso
693 778 868 859 scripturae
885 780 977 843 modo
994 782 1169 862 signarem,
1193 797 1264 840 raro
1290 778 1385 840 simul
1407 779 1440 840 in

410 882 612 946 adnotatione
634 889 781 945 testatus:
808 884 920 964 inquo
943 903 1059 965 genere
1074 901 1187 945 vereor
1209 899 1248 944 ne
1271 881 1441 963 aliquoties

409 987 625 1067 peccaverim,
655 1005 696 1049 ex
717 986 881 1048 Ritschelii
904 986 1034 1068 quidem
1056 986 1258 1050 adnotatione
1281 1004 1441 1048 nonnum-

410 1111 505 1171 quam
528 1109 578 1151 me
600 1107 664 1150 non
688 1089 765 1151 satis
787 1098 872 1151 certo
897 1090 1065 1173 expedivi:
1097 1092 1155 1154 scd
1176 1101 1282 1155 tamen
1305 1091 1358 1154 vel
1383 1088 1437 1171 ita,

410 1193 560 1275 quoniam
577 1193 617 1255 de
633 1211 841 1273 personarum
857 1191 1082 1257 distributione
1099 1195 1131 1256 in
1147 1196 1208 1258 hac
1223 1193 1331 1258 fabula
1347 1212 1441 1275 prae-

410 1305 458 1358 ter
479 1315 597 1376 paucos
620 1296 705 1359 locos
726 1315 828 1377 paene
845 1296 932 1359 nulla
949 1294 1120 1360 difficultas
1136 1307 1185 1362 est
1199 1307 1255 1361 aut
1270 1294 1438 1377 dubitatio,

409 1399 468 1461 hoc
481 1398 558 1461 satis
571 1406 638 1461 erat
649 1398 688 1461 ad
701 1418 788 1461 meas
802 1399 953 1480 rationes,
970 1400 1132 1463 admoneri
1147 1402 1306 1483 legentem
1321 1400 1348 1462 si
1362 1398 1442 1480 quid

409 1503 442 1564 in
451 1502 544 1566 libris
555 1522 647 1565 secus
660 1501 843 1564 haberetur.
858 1504 1140 1566 Grammaticorum
1152 1504 1343 1584 testimonia,
1359 1522 1442 1584 quo·

408 1626 480 1668 rum
497 1607 529 1668 in
547 1607 605 1668 bac
621 1604 729 1668 fabula
744 1605 942 1670 emendanda
959 1625 1022 1668 non
1037 1627 1108 1671 raro
1128 1608 1284 1690 insignior
1306 1616 1355 1670 est
1375 1606 1442 1668 uti·
1471 1619 1478 1639 ·

408 1709 492 1790 litas,
512 1710 690 1792 perscripta
704 1707 790 1771 dedi.
818 1708 1065 1773 Emendationes
1081 1712 1114 1773 in
1130 1708 1332 1775 adnotatione
1348 1709 1441 1791 posui

410 1814 476 1876 iere
500 1833 554 1876 eas
574 1832 655 1895 quas
674 1831 767 1875 veras
788 1813 841 1875 vel
863 1813 1046 1895 probabiles
1065 1814 1231 1895 haberem,
1256 1813 1437 1893 nonnullas,

409 1937 499 1998 quas,
519 1917 579 1979 etsi
596 1935 690 1979 verae
708 1935 770 1978 non
787 1924 908 1996 essent,
932 1925 1039 1979 tamen
1055 1927 1140 1980 certa
1154 1919 1277 1981 ratione
1293 1915 1441 1979 conside-

408 2017 525 2081 randas
548 2029 710 2100 putarem,
735 2019 843 2083 addito
862 2021 913 2082 bic
935 2021 1001 2083 illie
1022 2030 1208 2103 argumento
1224 2022 1276 2084 vel
1294 2020 1440 2112 exemplo

408 2121 449 2184 ad
471 2122 718 2185 confirmandam
739 2131 794 2185 aut
815 2123 1069 2205 redarguendam
1093 2125 1283 2205 scripturam
1298 2133 1440 2186 veterem
1475 2174 1481 2187 .

408 2224 460 2284 vel
482 2243 586 2305 nuper
609 2234 781 2306 repertam,
816 2228 1021 2289 Coniecturas
1043 2227 1159 2291 multas
1175 2228 1281 2290 sciens
1296 2235 1461 2307 praeter-,

408 2325 491 2407 misi,
507 2327 583 2408 quia
600 2327 729 2391 inutiles
744 2336 799 2391 aut
811 2330 906 2391 nimis
923 2348 993 2391 esse
1006 2330 1144 2392 incertae
1157 2330 1234 2391 mihi
1246 2330 1334 2392 visae
1346 2335 1437 2391 sunt:

409 2428 530 2509 siquid
553 2438 659 2493 tamen
676 2430 757 2493 forte
780 2430 1014 2512 imprudentem
1038 2430 1156 2513 fugerit
1179 2431 1265 2514 quod
1285 2430 1384 2512 probe
1404 2450 1440 2492 ac

408 2551 483 2594 vere
499 2534 710 2615 excogitatum
724 2536 776 2614 sit,
791 2554 884 2615 spero
893 2535 1019 2597 veniam
1035 2543 1179 2615 paratum
1196 2535 1246 2614 iri,
1262 2555 1334 2597 cum
1346 2552 1440 2615 prae-

409 2636 518 2697 sertim
534 2656 597 2698 non
613 2638 672 2699 boc
687 2637 806 2719 egerim
822 2647 858 2700 ut
873 2639 970 2700 crisin
986 2638 1163 2700 Plautinam
1188 2658 1258 2700 maa
1276 2645 1366 2718 parte
1382 2634 1441 2699 ad-

408 2739 551 2802 iuvarem
566 2740 623 2805 sed
638 2750 675 2803 ut
690 2762 831 2804 meorum
847 2740 1077 2823 discipulorum
1094 2739 1279 2823 commedio,
1299 2750 1335 2802 ut
1349 2739 1441 2801 licuit

407 2843 457 2904 bis
479 2851 658 2925 temporum
681 2845 854 2927 angustiis,
888 2846 1122 2926 prospicerem,
1152 2863 1258 2926 neque
1282 2845 1340 2905 boc
1361 2841 1439 2904 meis

407 2947 535 3009 omnino
551 2947 730 3011 rationibus
746 2949 864 3011 factum
881 2949 922 3010 sit
938 2957 973 3010 ut
988 2949 1021 3010 in
1036 2949 1178 3030 plurium
1194 2966 1291 3030 quam
1312 2946 1439 3009 illorum

407 3068 521 3112 manus
537 3051 615 3113 haec
627 3052 773 3133 exempla
786 3053 850 3114 sint
865 3061 1070 3133 perventura.
1093 3049 1152 3114 Ad.
1163 3047 1440 3130 KiesslingiiAna-

406 3152 489 3214 lecta
510 3153 625 3234 altera,
653 3154 772 3236 quibus
795 3155 822 3217 is
844 3155 940 3217 huius
963 3154 1090 3218 fabulae
1111 3174 1183 3217 cum
1208 3153 1270 3215 alia
1286 3151 1439 3214 nonnulla

408 3254 486 3316 scita
498 3256 760 3337 interpretatione
772 3257 1008 3338 dilucidaverit,
1023 3266 1091 3320 tum
1103 3275 1255 3320 versuum
1268 3255 1438 3316 toa-sta

407 3356 519 3420 turbas
547 3378 610 3421 non
634 3362 722 3442 quod
748 3381 805 3443 ego
833 3360 984 3442 putabam
1010 3358 1246 3441 transponendo
1274 3358 1331 3421 sed
1357 3357 1440 3421 reoi-

406 3460 510 3525 dendo
527 3482 598 3525 esse
614 3464 848 3545 componendas
869 3464 1064 3545 persuadere
1085 3464 1205 3544 studet,
1232 3482 1302 3525 sero
1324 3460 1365 3524 ad
1389 3480 1438 3522 me

406 3564 499 3627 allata
523 3574 613 3628 sunt:
641 3566 727 3648 quod
749 3588 845 3650 quam
866 3588 959 3650 aegre
983 3549 1125 3648 tulerim,
1151 3567 1220 3647 ipsa
1242 3585 1305 3627 non
1322 3565 1436 3627 nescit,

405 3670 450 3729 De
475 3669 703 3750 compositione
723 3670 851 3733 fabulae
873 3671 1048 3752 compluria
1069 3668 1281 3751 expendenda
1296 3675 1436 3730 restant:

406 3770 446 3833 de
475 3791 539 3852 qua
566 3790 600 3834 re
629 3771 761 3836 fortasse
793 3794 883 3856 agam
918 3773 996 3839 alias
1027 3794 1098 3836 cum
1127 3773 1308 3849 videbitur;
1342 3789 1437 3851 quam

405 3893 509 3955 nuper
531 3876 726 3956 propositam
749 3875 816 3939 vidi
848 3879 1054 3958 sententiam,
1085 3877 1201 3939 bonam
1228 3885 1350 3957 partem
1373 3875 1439 3935 bie·

406 3978 629 4040 naecbmorum
649 3979 885 4061 interpolationi
911 3990 965 4042 aut
983 3981 1199 4043 retractationi
1222 3977 1349 4058 deberi,
1368 3977 1438 4061 ,iam

340 4080 343 4089 “
407 4099 493 4143 nunc
508 4083 659 4163 profiteor
674 4084 750 4146 mihi
766 4103 830 4146 non
846 4083 987 4165 probari.

494 4221 561 4281 Scr.
580 4220 718 4282 Berolini
735 4241 776 4283 m.
794 4220 961 4283 Decembri
976 4240 1168 4283 uncccnxxxr.
