3210 4798
333 273 372 334 12
662 268 754 326 Actu
778 269 822 326 Sc.
838 273 853 323 2
872 270 907 327 V.
926 271 1025 324 11-26

281 457 318 499 120
333 444 461 518 Quando
484 463 539 523 ego
562 444 616 506 tibi
639 445 780 521 ancillas,
803 464 922 522 penum,

332 557 463 633 Lanam,
487 574 606 632 aurum,
630 561 758 633 vestem,
782 575 946 634 purpuram

332 650 414 728 Bene
437 669 570 745 praebeo
593 685 649 729 nec
673 669 834 745 quicqum
858 686 937 746 eges,

333 779 412 840 Malo
436 778 572 854 cavebis,
597 778 622 839 si
645 780 741 857 sapis:

332 890 436 950 Virum
458 891 619 951 observare
643 891 770 952 desines.
804 944 807 950 l

282 1013 320 1056 me
333 1002 435 1077 Atque
458 1001 544 1077 adeo,
567 1020 605 1062 ne
628 1020 674 1062 me
696 1002 880 1079 nequiquam
903 1019 1013 1079 serves,
1037 1004 1163 1064 obeam
1186 1003 1363 1063 industriam

333 1112 430 1173 Hodie
447 1113 555 1174 ducam
570 1118 701 1173 scortum
716 1114 756 1174 ad
770 1132 873 1175 cenam
886 1117 976 1190 atque
989 1114 1090 1190 aliquo
1103 1113 1259 1175 condicam
1270 1114 1361 1175 foras.

757 1247 932 1303 Punrcuuus
1156 1215 1168 1248 ⁶

333 1370 400 1430 Illic
422 1369 511 1430 homo
534 1387 566 1431 se
588 1371 676 1431 uxori
698 1371 817 1433 simulat
838 1373 915 1431 male
938 1370 1031 1446 loqui,
1054 1371 1187 1446 loquitur
1210 1369 1297 1431 mihi:

333 1482 410 1541 Nam
433 1482 458 1541 si
481 1481 553 1541 foris
576 1486 672 1556 cenat,
701 1481 916 1559 profectuum,
940 1482 1022 1543 haud
1043 1500 1176 1555 uxorem,
1199 1482 1361 1544 ulciscitur.

740 1615 954 1671 Munsucnuus

334 1738 429 1812 Euax,
452 1737 549 1814 iurgio
572 1737 673 1799 hercle
695 1739 816 1799 tandem
838 1757 962 1800 uxorem
984 1738 1072 1816 abegi
1095 1739 1132 1799 ab
1155 1739 1254 1799 ianua.

282 1855 320 1897 1³⁰
334 1848 392 1909 Ubi
415 1853 484 1909 sunt
505 1853 654 1910 amatores
676 1826 796 1911 manilii
818 1851 897 1912 dona
921 1850 994 1927 quid
1017 1853 1136 1911 cessant
1158 1849 1230 1910 mihi

335 1959 477 2021 Conferre
501 1978 602 2021 omnes
626 1963 877 2039 congratulantes,
902 1962 973 2037 quia
995 1962 1129 2039 pugnavi
1151 1959 1288 2022 sortituri
1356 1942 1360 1953 ¹

334 2072 421 2131 Hanc
444 2071 532 2132 modo
556 2072 643 2132 uxori
665 2072 745 2132 intus
766 2074 878 2150 pallam
901 2072 1055 2149 surrupui:
1081 2073 1120 2133 ad
1139 2077 1269 2133 scortum
1287 2071 1361 2132 fero.

335 2181 383 2242 Sic
406 2180 464 2242 hoc
488 2181 583 2257 decet,
609 2181 674 2242 dari
696 2182 793 2243 facete
816 2184 909 2244 verba
932 2183 1049 2244 custodi
1072 2187 1166 2255 caiae,

334 2294 401 2352 Hoc
416 2291 532 2353 facinus
546 2292 705 2369 pulchrum
720 2297 774 2368 est,
798 2293 856 2377 hoc
871 2295 998 2371 probum
1014 2297 1067 2367 est,
1086 2293 1145 2354 hoc
1160 2293 1292 2370 lepidum
1308 2298 1361 2371 est,

884 2404 942 2464 hoc
964 2404 1104 2465 factumst
1126 2405 1225 2466 fabre:

283 2535 321 2576 ns
334 2515 401 2574 Meo
425 2515 503 2574 malo
527 2533 546 2574 a
567 2516 647 2575 mala
668 2515 787 2591 abstuli,
811 2514 869 2576 hoc
891 2516 931 2576 ad
953 2515 1093 2576 damnum
1116 2515 1275 2577 deferetur.

334 2625 443 2686 Avorti
464 2621 609 2703 praedium
631 2628 670 2688 ab
692 2625 828 2687 hostibus
850 2631 985 2688 nostrum
1007 2628 1103 2687 salute
1126 2628 1247 2688 socium.

762 2759 938 2816 ancuuus

335 2884 418 2945 Heus
441 2884 632 2959 adulescens,
663 2902 760 2960 ecqua
787 2886 819 2945 in
847 2884 921 2946 istac
943 2902 1014 2961 pars
1036 2885 1114 2945 inest
1136 2884 1251 2962 praeda
1273 2881 1364 2944 mihil

333 3072 540 3081 -.-——-.

407 3194 540 3240 iso-lsi
568 3195 679 3254 qninqcs
702 3195 883 3255 quaternarios
910 3193 1034 3254 descripsi
1057 3192 1208 3241 concedente
1230 3194 1284 3241 iam
1308 3192 1363 3241 llil-

335 3276 441 3336 3033330,-
460 3276 522 3327 inB
540 3280 738 3339 quaternarisnn
754 3291 835 3327 nnncn
852 3277 967 3337 Quando
990 3313 996 3327 .
1014 3313 1020 3326 .
1043 3289 1144 3341 penum
1163 3279 1213 3327 dno
1231 3278 1364 3339 cncipinnl

336 3363 462 3412 octonarii
577 3366 624 3412 333
651 3362 757 3413 Servius
775 3366 802 3413 in
820 3363 881 3412 Aen.
899 3366 923 3423 i,
938 3366 986 3411 373
1002 3354 1080 3425 ‘egeo
1102 3362 1173 3412 hanc
1191 3374 1259 3411 rem.
1277 3361 1315 3411 Pl.
1336 3362 1364 3410 in

336 3448 407 3498 Men.
421 3443 520 3497 “linnrn
537 3449 626 3498 lanam
641 3449 752 3511 praebeo
769 3461 850 3510 neqnc
868 3449 1016 3512 quicquam
1034 3442 1130 3511 egcs”.'
1215 3449 1263 3496 336
1281 3449 1364 3510 atquc

337 3533 372 3583 ud
391 3546 506 3583 coenam
526 3534 671 3584 Polmerins
757 3537 804 3583 333
827 3532 909 3585 Varro
926 3536 957 3584 dc
974 3534 1064 3596 linpna
1081 3534 1164 3584 latinu
1183 3536 1207 3592 7,
1222 3536 1253 3582 33
1271 3534 1363 3596 ploos

338 3618 382 3682 sp.
398 3612 491 3685 ‘Apud
509 3619 635 3669 Plautum
657 3615 749 3670 “euax
771 3622 857 3683 iurpio
873 3631 984 3669 numam
1001 3620 1105 3669 tandm
1122 3619 1154 3668 cb
1172 3620 1246 3682 nepio
1263 3612 1364 3668 icnnc”

337 3719 406 3755 euax
422 3703 539 3754 verbum
557 3705 625 3755 nihil
644 3705 778 3768 significat
795 3705 844 3755 sed
862 3705 1008 3754 effutitium
1027 3704 1188 3754 naturaliter
1205 3697 1259 3753 est?

338 3791 488 3841 Rilscbelins
505 3790 596 3840 hercle
614 3803 728 3840 uxorem
746 3790 856 3840 taudem
923 3794 964 3838 333
987 3804 1052 3854 qum
1070 3791 1142 3840 libri:
1164 3803 1211 3853 qur
1226 3789 1296 3852 prii

339 3880 385 3926 333
405 3874 503 3927 factust
521 3875 566 3927 BG
644 3878 693 3924 336
711 3875 965 3927 AduortrBAuertr
980 3875 1070 3925 Ccnm
1087 3876 1192 3937 reliquis
1268 3874 1365 3922 Prisci-

337 3976 404 4012 enns
417 3967 430 4011 7
442 3976 470 4026 p.
484 3965 543 4022 333,
556 3964 569 4010 i
583 3961 616 4012 H.
629 3953 767 4011 ‘nostrum
785 3974 835 4026 pro
854 3963 1010 4010 nostrorum
1026 3998 1031 4010 .
1049 3997 1055 4010 .
1074 3961 1186 4011 Plautus
1202 3997 1208 4009 .
1225 3997 1230 4009 .
1248 3959 1322 4009 Idem
1336 3959 1364 4007 in

338 4048 502 4097 Menechmis
512 4044 617 4098 “Acerli
629 4047 736 4112 inuenit
745 4047 861 4095 nonnulli
873 4047 939 4100 libri)
957 4083 983 4096 ..
998 4083 1003 4096 .
1018 4041 1158 4096 socium”.'
1220 4048 1267 4094 337
1278 4057 1365 4108 ecqua

337 4146 396 4182 corr
409 4133 430 4182 B
443 4136 470 4181 et
482 4145 536 4195 qun
548 4146 583 4195 pr
596 4132 627 4192 B,
646 4131 665 4182 C
760 4131 862 4197 pracda
879 4132 947 4181 mihi
969 4131 1149 4183 Camerarius:
1169 4143 1217 4196 pre
1236 4130 1303 4179 mrhr
1322 4129 1368 4182 BG
