3210 4798
383 261 424 324 62
591 257 687 314 Aetv
705 260 777 317 Sel
798 261 833 316 V.
847 262 957 314 76-52.
992 259 1065 316 Set
1084 262 1120 318 V.
1136 263 1201 314 1-6

823 456 975 513 1133770173

331 569 368 611 ror
382 554 413 614 Si
435 573 481 615 me
505 554 632 628 derides,
656 558 687 615 37
709 555 761 631 pol
783 555 866 615 illum
888 573 949 616 non
972 559 1067 632 potes,

382 666 502 726 Patrem
523 684 629 741 meum,
654 665 705 741 qui
727 665 786 727 hue
809 665 940 727 advenit.
965 665 1037 742 quin
1060 667 1192 744 respicis.

382 776 520 837 Novistin
544 782 576 837 tu
598 776 701 838 illumi

792 884 1009 940 Morarenrres

700 982 779 1043 Novi
801 1000 868 1043 eum
891 982 1005 1044 Oeleha
1028 982 1128 1044 simul:

330 1103 368 1144 ⁷⁴⁰
382 1093 496 1154 Eodem
519 1094 568 1155 die
591 1094 674 1155 illum
696 1094 758 1154 vidi
782 1112 841 1170 quo
864 1099 893 1155 te
915 1099 984 1155 ante
1007 1093 1087 1155 huno
1110 1094 1196 1155 diem.

822 1201 974 1256 17333333

381 1301 483 1378 Negas
504 1300 623 1360 novisse
646 1298 712 1362 mei
734 1317 828 1376 negas
850 1303 966 1377 petrem
988 1299 1105 1360 meum?

789 1407 1006 1462 Merieonriuo

381 1506 465 1567 Idem
487 1505 589 1567 horele
612 1505 718 1582 dicem,
743 1506 768 1566 si
790 1524 877 1567 avom
899 1505 945 1565 vie
968 1505 1127 1566 adducere.

821 1614 975 1668 1733333377

330 1730 368 1772 rio
382 1711 509 1772 Eoestor
530 1711 643 1788 pariter
665 1710 723 1772 hoo
746 1715 838 1788 atque
861 1712 937 1773 alies
959 1728 1008 1771 res
1030 1711 1119 1771 soles.

791 1899 990 1909 ———-—-

409 2063 549 2124 SENEX.
579 2062 790 2124 MATRONA.
821 2061 1100 2123 MENAEOHMUS
1123 2061 1386 2123 ADULESCENS

381 2251 422 2310 Ut
443 2254 527 2311 33733
549 2269 616 2310 meo
638 2255 683 2311 337
706 2255 797 2328 etque
819 2256 852 2311 ut
873 2250 931 2310 hoe
954 2267 1025 2310 usus
1047 2248 1126 2309 freto
1149 2252 1203 2323 est,

329 2372 369 2414 777
383 2362 515 2422 Graiium
537 2361 697 2438 proferam,
721 2360 888 2439 progrediri
910 2361 1089 2438 properabo.

383 2473 442 2534 Sed
463 2473 495 2533 ii
519 2491 608 2549 quem
630 2472 719 2533 733113
742 2473 780 2532 317
801 2471 881 2545 mihi,
904 2471 986 2532 haud
1009 2489 1074 2531 eum
1096 2471 1202 2532 falsus:

382 2586 459 2645 Nam
480 2584 642 2661 pernioitas
666 2584 784 2659 deserit,
808 2583 939 2644 consitus
962 2600 1026 2650 sum

381 2696 548 2771 Senectute,
574 2699 712 2756 onustum
733 2712 806 2771 gero
829 2712 947 2770 eorpus,
970 2694 1050 2755 vireo
1239 2779 1241 2785 Ι

381 2808 556 2884 Reliquere:
581 2811 614 2867 ui
636 2811 719 2868 33733
741 2807 821 2867 mola
843 2811 897 2879 337,
920 2824 1004 2866 merx
1022 2805 1101 2865 mala
1120 2808 1230 2882 ergoet.

450 3031 499 3077 737
519 3031 547 3078 37
563 3027 609 3093 poi
629 3028 667 3078 ed.
682 3040 726 3089 pr.
748 3028 783 3078 ed
800 3027 881 3093 polii
890 3041 925 3090 pr
937 3006 969 3078 ad
985 3027 1031 3093 poi
1048 3025 1111 3077 Cae
1129 3026 1289 3091 polBoerr,
1309 3039 1343 3077 ex
1355 3028 1412 3088 333·-

382 3115 428 3163 7333
446 3115 509 3163 vetii
526 3113 695 3178 efficiendum,
716 3113 748 3176 of.
765 3117 809 3163 eei
922 3117 970 3163 738
990 3106 1163 3178 refrprseri'B
1268 3115 1316 3161 733
1336 3112 1411 3161 Pris-

375 3202 472 3248 ·373333
492 3202 523 3260 6,
540 3212 567 3261 p.
579 3201 652 3258 833,
668 3201 698 3247 77
720 3199 752 3248 Η.
767 3191 826 3249 ‘hie
838 3199 952 3250 Colchas
964 3200 1053 3267 ‚huius
1066 3199 1181 3250 Colobae
1200 3199 1304 3262 antiqui
1324 3197 1428 3249 decii,

381 3283 492 3334 nabent.
510 3283 547 3333 Pl.
561 3284 588 3333 in
598 3284 668 3333 Men.
692 3282 825 3335 “oevioiio
843 3286 917 3335 illem
937 3284 1047 3347 (nevisti
1066 3284 1173 3335 nullum
1192 3283 1307 3348 sangall.
1325 3284 1408 3347 Legit.

385 3368 478 3431 Cerei.)
505 3369 569 3419 novi
592 3381 656 3419 eum
680 3370 769 3419 337373
791 3364 909 3420 simui”.’
1023 3364 1123 3420 nourstr
1149 3371 1208 3419 rntu
1233 3363 1410 3419 Bnonurstrn

381 3454 452 3505 tuC
521 3450 678 3505 celehentes
693 3455 715 3505 B
722 3468 757 3517 pr
772 3455 914 3506 eelehente
932 3456 1035 3516 Beorr,
1059 3455 1078 3505 O
1187 3458 1236 3503 770
1256 3455 1333 3504 iilum
1351 3452 1409 3503 uidi

383 3541 404 3589 B
415 3540 475 3591 uidi
494 3539 571 3590 illum
587 3539 607 3590 C
623 3541 762 3591 Vaticanus
864 3542 914 3590 Mi.
927 3541 1004 3601 Ante,
1024 3546 1048 3591 37
1059 3541 1150 3592 dende
1162 3539 1253 3603 Negas
1266 3539 1376 3589 novisse
1389 3538 1410 3588 Β

451 3627 495 3674 777
522 3625 560 3689 Cf.
577 3627 630 3676 iod.
649 3627 705 3676 leot.
723 3631 787 3676 oert.
806 3629 871 3675 7883
888 3639 915 3689 ρ.
935 3630 949 3675 77
1055 3628 1103 3675 777
1122 3625 1277 3690 progrediri
1287 3624 1407 3674 Boiotro:

381 3711 510 3775 progredi
596 3713 646 3760 776
665 3712 732 3761 mihi
750 3710 831 3762 ieciie
848 3712 884 3761 sit
902 3724 961 3760 eum
984 3711 1080 3763 Weirio
1099 3712 1208 3761 87733733
1289 3712 1337 3759 777
1355 3711 1411 3759 Νο-

381 3801 441 3847 3733
462 3811 490 3860 p.
508 3800 536 3855 7,
557 3800 589 3845 83
611 3789 746 3847 ‘aetatem
770 3797 870 3846 melem
897 3799 1066 3848 senectutem
1090 3798 1197 3846 veteres
1220 3796 1354 3847 dixerunt.
1372 3795 1409 3844 Pl.

382 3884 450 3932 Men.
469 3882 605 3933 “couritur
625 3920 691 3934 ....
709 3895 779 3933 mere
796 3882 867 3931 33373
884 3886 922 3931 ort
939 3877 1041 3945 ergo'’.²
1070 3882 1140 3932 Idem
1154 3895 1181 3944 p.
1195 3885 1258 3943 738,
1276 3885 1307 3930 78
1321 3873 1409 3930 ‘retes

382 3967 507 4018 feminini
526 3971 568 4018 est
585 3969 699 4032 generis.
723 3968 760 4016 Pl.
774 3969 843 4017 Men.
856 3966 909 4016 “ut
932 3969 1006 4018 aetas
1019 4006 1025 4017 .
1040 4005 1046 4018 .
1059 4005 1065 4018 .
1077 3980 1148 4018 mers
1165 3968 1237 4017 molo
1255 3970 1293 4016 337
1310 3958 1406 4029 erge”.'

496 4051 632 4104 censorius
648 4053 670 4103 B
685 4066 734 4114 pr,
759 4053 778 4104 0
796 4048 922 4103 conserus
942 4066 1002 4102 corr
1020 4053 1042 4103 B
1221 4054 1270 4101 773
1294 4064 1371 4101 merx
1389 4051 1410 4099 B

384 4151 452 4199 cerr,
470 4139 490 4191 0
507 4151 566 4188 mer
578 4176 584 4189 .
598 4177 603 4188 .
618 4176 623 4188 .
639 4140 659 4188 B
668 4152 702 4201 pr
722 4139 781 4202 (seit
797 4143 826 4188 ut
843 4140 945 4189 videtur
963 4134 1079 4200 meroes)
