3210 4798
530 285 597 341 Act.
611 300 643 341 ιν
662 285 706 343 Sc.
722 287 737 338 2
756 286 791 342 V.
809 287 892 338 1-16

324 622 611 685 MENAEOHMUS.
657 623 821 684 MULIER.
861 623 1086 685 PABASITUS

606 825 819 886 6666666666

190 951 234 1011 Ut
256 949 315 1010 hec
337 949 447 1010 utimur
469 948 595 1010 maxime
617 967 698 1009 more
720 967 801 1009 merc

191 1063 381 1137 Molesteque
404 1063 527 1121 multum
550 1064 641 1136 atque
663 1059 706 1120 uti
730 1060 841 1137 quique
866 1065 934 1122 sunt

140 1188 183 1231 scu
197 1172 320 1250 Optumi
343 1190 480 1232 maxume
503 1190 613 1232 murem
635 1171 748 1232 habent
770 1168 866 1232 hunc:

200 1284 322 1346 clientis
344 1282 401 1344 sibi
423 1301 525 1344 omnes
546 1286 651 1345 velunt
673 1301 738 1344 esse
761 1285 883 1344 multus:

197 1395 311 1457 Bonine
334 1414 373 1455 an
395 1394 466 1455 mali
488 1395 555 1470 sint,
577 1395 609 1455 id
631 1393 713 1456 haud
737 1394 915 1471 quaeritant.

195 1509 257 1568 Res
279 1507 374 1584 magis
398 1506 553 1582 quaeritur
575 1525 664 1582 quam
687 1507 826 1567 clientum
848 1505 923 1566 fides
942 1506 1105 1567 cuiusmodi
1121 1508 1227 1568 clueat.

196 1619 229 1680 si
252 1622 297 1679 est
318 1635 436 1695 pauper
459 1621 549 1693 atque
572 1616 654 1677 haud
676 1619 780 1692 malus,
804 1635 933 1693 nequam
955 1616 1098 1679 habetur:

140 1746 183 1789 ses
198 1730 251 1791 Sin
274 1729 359 1790 dives
381 1729 477 1789 malus
500 1733 554 1803 est,
577 1728 603 1788 is
626 1729 719 1790 cliens
741 1728 820 1806 frugi
843 1727 979 1789 habetur.

202 1841 259 1914 Qui
280 1859 379 1917 neque
403 1842 485 1918 leges
507 1858 605 1915 neque
629 1857 758 1916 aequum
781 1841 890 1900 bonum
913 1857 1040 1915 usquam
1062 1841 1172 1915 colunt,

206 1952 350 2013 Sollicitus
372 1957 513 2028 patrunus
534 1950 655 2012 habent.

203 2065 312 2124 Datum
334 2063 485 2140 denegant
507 2061 588 2139 qued
610 2061 749 2136 datumst,
779 2061 874 2122 litium
896 2062 987 2138 pleni,
1014 2081 1151 2139 rapaces,
1175 2063 1231 2123 viri

821 2172 1014 2249 fraudulenti,

201 2286 259 2359 Qui
283 2290 336 2346 aut
357 2286 477 2347 faenore
500 2290 552 2346 aut
574 2283 713 2362 periuriis
735 2280 848 2345 habent
874 2302 936 2346 rem
966 2290 1118 2362 paratam:
1150 2305 1232 2347 mens

822 2398 920 2457 estin
944 2398 1094 2473 querellis.

141 2527 187 2570 erc
202 2509 280 2569 Iuris
304 2509 356 2570 ubi
379 2508 488 2568 dicitur
510 2507 583 2584 dies,
608 2508 694 2569 simul
716 2509 850 2586 patronis
873 2508 991 2583 dicitur,

203 2620 322 2697 Quippe
347 2621 398 2696 qui
421 2638 475 2697 pre
496 2619 556 2679 illis
578 2621 748 2695 loquantur,
773 2638 851 2696 quae
874 2619 1106 2680 malefecerint.

204 2733 266 2793 Aut
289 2731 329 2792 ad
352 2733 494 2809 populum
518 2734 569 2791 ant
590 2730 621 2789 in
643 2730 707 2790 iure
730 2733 783 2790 aut
804 2729 885 2806 apud
909 2729 1035 2791 aedilem
1057 2749 1105 2791 res
1129 2735 1181 2791 est.

207 2909 402 2920 *—

273 3024 322 3070 656
342 3033 395 3082 sqq.
416 3021 518 3071 Retinet
541 3022 736 3082 descriptionem
759 3032 884 3070 versuum
901 3032 966 3081 6666
984 3025 1021 3070 est
1044 3021 1120 3079 iuli,
1145 3034 1234 3083 66666-

204 3119 282 3168 66666
300 3111 419 3168 apertura
437 3111 484 3166 est,
504 3107 570 3167 6666
588 3105 697 3155 Brixics
713 3108 856 3167 perspexit,
878 3108 1012 3155 556-565
1032 3108 1163 3156 continuos
1181 3121 1235 3157 esse

203 3192 325 3242 66666666
440 3194 488 3241 556
507 3204 585 3241 moro
604 3192 719 3253 lipsius:
747 3203 855 3241 merum
972 3194 1020 3241 566
1039 3204 1166 3243 maxume
1184 3194 1235 3244 le-

203 3290 311 3327 666666
334 3289 455 3328 maxumi
566 3279 613 3326 566
640 3278 770 3326 clientum
793 3276 1011 3328 Cclreutrumli
1106 3278 1236 3331 clueatC

206 3363 289 3414 ducat
302 3363 323 3412 Β
396 3363 435 3412 Ne
444 3365 502 3424 quis
513 3365 541 3412 iu
554 3363 716 3413 6666666666
729 3363 842 3421 tameat,
856 3364 917 3412 dicit
930 3363 1061 3414 clientum
1079 3378 1137 3414 nem
1150 3366 1235 3429 magis

205 3448 294 3511 quam'
308 3447 390 3497 fldem
409 3448 503 3512 quaeri
516 3448 605 3512 qualis
623 3449 667 3499 sit.
698 3447 737 3511 Cf.
751 3449 786 3498 66
799 3451 864 3497 6676
968 3451 1016 3498 566
1040 3449 1234 3501 sus-rsussual

275 3535 325 3582 566
344 3538 368 3583 et
386 3536 434 3582 567
461 3536 488 3583 in
505 3547 587 3583 66666
604 3547 708 3584 versam
726 3547 882 3596 quamquam
899 3535 1046 3598 bipertitum
1062 3538 1193 3599 cunicapit
1203 3535 1234 3593 Α,

205 3621 249 3680 qai
268 3620 388 3668 caiuma
406 3620 514 3668 eandem
532 3632 590 3669 cem
608 3620 630 3669 li
648 3621 842 3682 descriptionem
860 3624 927 3670 tecet
1058 3623 1106 3670 566
1130 3620 1235 3670 666666

205 3732 327 3779 terruisset
342 3734 401 3793 post
418 3742 530 3797 rapaces
673 3734 721 3781 566
741 3731 810 3790 Quia
828 3733 859 3781 ut
877 3690 1025 3799 sesosidis
1043 3731 1094 3790 Qus
1113 3732 1160 3780 aut
1178 3730 1236 3780 ice-

206 3826 273 3864 uore
292 3817 339 3865 aut
359 3814 379 3865 C
487 3828 564 3865 meus
583 3818 670 3867 estin
689 3816 808 3880 querelis
827 3817 887 3866 olim
904 3821 1062 3867 correctum:
1083 3809 1174 3865 monle
1193 3829 1236 3865 ru-

207 3912 262 3962 666
281 3912 310 3949 66
330 3899 340 3962 ΙΙ
360 3894 405 3949 Lus
421 3900 443 3949 Β
457 3914 507 3963 pr,
527 3898 618 3952 menie
637 3908 733 3965 inques
751 3901 780 3952 nd
796 3902 807 3965 ΙΙ
824 3895 868 3950 Lus
885 3903 906 3951 li
925 3915 999 3960 cerr,
1025 3893 1133 3950 mensae
1151 3914 1235 3964 inquo

209 3997 247 4033 ire
269 3980 337 4036 lrl'C
417 3998 500 4043 66666
518 3990 641 4049 apparuit
658 3989 686 4039 iu
703 3987 733 4047 A,
754 3990 797 4050 qui
814 4000 839 4036 6.
855 3991 903 4037 tio
923 3988 955 4037 66
974 3985 1043 4036 luris
1062 3987 1163 4036 666666

210 4072 256 4119 ilo
267 4068 335 4139 surus
345 4066 494 4122 Vaticcrtas:
506 4068 624 4123 urnulBC
683 4076 727 4123 tlt
740 4072 851 4135 fortasse
862 4086 932 4136 quae
943 4070 1026 4135 [mali]
1039 4071 1117 4122 male.
1139 4070 1177 4135 (if.
1188 4076 1235 4123 566

276 4160 325 4207 tia
344 4169 471 4206 curun
490 4170 601 4207 6666666
620 4157 640 4207 Α
660 4160 707 4208 aut
725 4158 893 4210 adrudrcem
913 4156 957 4208 BG
