3210 4798
698 319 764 379 Aet.
776 340 794 377 v
806 321 857 379 -Sa
871 326 885 375 ’4
904 325 939 380 V.
952 326 1056 377 46-57

802 495 957 550 Muranum

498 594 587 653 Nune
609 593 659 654 ibe
682 593 713 654 in
735 593 899 668 tabernam,
923 610 997 653 vasa
1019 597 1110 671 atque
1133 598 1289 670 argeutum
1311 596 1368 654 tibi

299 719 350 760 4444
364 704 519 780 Β4444444;
543 708 624 765 recte
648 708 694 765 est
715 706 902 783 obsignatum
924 706 956 765 in
977 705 1079 766 vidulo
1102 706 1306 782 marsuppium

368 811 437 878 [An.
456 813 490 867 Id
509 814 533 868 ai
551 813 678 868 attulerit
697 813 788 868 dicam
804 821 838 868 ut
855 829 872 868 a
889 829 934 868 me
952 813 1038 869 abeat
1055 812 1127 868 liber
1144 829 1200 884 quo
1217 814 1312 880 volet]

300 916 350 958 ¹⁰²⁰
366 910 439 970 Oum
461 911 585 972 viatico:
610 911 642 971 id
663 910 719 972 tibi
741 911 799 971 iam
822 910 881 972 huc
904 911 1047 972 adferam.

772 1019 987 1074 Mnuaucunus

1047 1107 1144 1168 Adfer
1166 1112 1296 1169 strenue.

800 1212 957 1268 Mnesnuro

364 1312 483 1372 Salvom
505 1312 559 1372 tibi
581 1312 624 1372 ita
646 1316 679 1373 ut
700 1312 772 1372 mihi
796 1312 904 1372 dedisti
926 1312 1068 1373 reddib0:
1094 1313 1143 1375 hie
1161 1359 1167 1372 .
1186 1360 1217 1373 ..

772 1420 988 1474 4444444444

300 1532 350 1575 um
363 1518 463 1578 Nimia
486 1517 560 1578 mira
582 1516 654 1576 mihi
678 1516 798 1593 quidem
820 1517 910 1578 hcdie
933 1522 1038 1578 exerta
1061 1522 1130 1579 eunt
1157 1519 1258 1579 multis
1286 1520 1394 1580 medis.

362 1628 425 1689 Alii
447 1646 493 1688 me
515 1635 627 1706 negant
649 1647 717 1690 eum
740 1646 804 1689 esse
829 1630 880 1704 qui
903 1646 967 1689 eum
990 1632 1081 1705 atque
1105 1630 1268 1691 excludunt
1293 1630 1393 1692 ictas:

363 1740 461 1800 Etiam
472 1739 521 1800 hic
537 1757 654 1800 servom
670 1759 735 1802 esse
752 1759 783 1801 se
795 1759 892 1800 meum
904 1742 1012 1815 aiebat,
1030 1758 1119 1816 quem
1131 1759 1187 1818 ega
1199 1742 1282 1802 emisi
1293 1761 1394 1803 manu.

295 1842 393 1912 444414
416 1852 457 1912 ait
480 1869 512 1911 se
534 1851 606 1911 mihi
628 1853 788 1913 allaturum
811 1869 877 1912 eum
900 1858 1025 1929 argenta
1048 1853 1266 1929 marsuppium:

362 1963 398 2024 Id
422 1964 447 2023 si
469 1963 619 2037 adtulerit,
644 1963 741 2023 dicam
763 1969 796 2024 ut
819 1982 837 2023 a
858 1981 905 2022 me
928 1965 1017 2024 abeat
1039 1963 1115 2024 liber
1139 1982 1198 2041 quc
1221 1966 1311 2037 valet,

362 2077 502 2149 Netum,
527 2074 648 2152 quande
672 2092 761 2135 sanus
784 2074 881 2136 iactus
904 2074 950 2151 sit,
975 2094 993 2135 a
1015 2094 1061 2135 me
1084 2080 1239 2153 argentum
1261 2081 1352 2151 petat.

364 2186 456 2246 Socer
478 2192 508 2246 et
529 2186 661 2246 medicus
684 2205 730 2246 me
752 2186 883 2248 insanire
898 2187 1027 2248 aiebant.
1059 2186 1138 2260 Quid
1154 2187 1200 2263 sit,
1224 2188 1299 2248 mira
1314 2193 1393 2248 sunt.

363 2297 447 2357 Haec
470 2296 562 2356 nihilo
585 2315 650 2358 esse
672 2297 744 2357 mihi
766 2298 905 2359 videntur
927 2316 1013 2359 secus
1037 2317 1127 2374 quam
1149 2298 1270 2358 somnia.

364 2480 437 2517 nune
456 2468 610 2516 Messeniani
627 2469 760 2517 4444444444
777 2468 908 2517 Acidaliae
1010 2469 1069 2519 Posi
1083 2472 1147 2518 4449
1167 2471 1195 2518 444
1212 2469 1285 2518 libris
1297 2471 1340 2530 qui
1352 2482 1394 2518 44-

363 2557 450 2615 quitur
467 2566 572 2614 uersus,
592 2554 632 2603 bic
649 2554 746 2603 44444444
761 2566 778 2601 4
792 2554 901 2614 Pylade,
921 2555 988 2603 44444
1005 2555 1076 2616 iufra
1090 2558 1154 2603 4444
1173 2567 1220 2604 suc
1239 2556 1308 2604 laco:
1326 2555 1395 2604 idem

361 2644 419 2701 4444
433 2642 498 2688 4449
514 2641 615 2700 positus
632 2639 757 2687 iudicium
776 2642 813 2687 444
831 2640 968 2688 turbarum
986 2653 1020 2688 444
1038 2642 1144 2701 repetito
1161 2654 1184 2689 u.
1199 2643 1264 2688 4449
1284 2645 1308 2690 44
1327 2643 1392 2688 4445

364 2727 555 2790 marsuppium
566 2724 690 2774 uocabulo
702 2728 836 2783 44444444,
863 2726 889 2774 id
908 2726 974 2786 quod
992 2730 1067 2775 acute
1088 2728 1224 2787 perspeccii
1243 2725 1394 2788 Speupelius

365 2813 448 2861 444444.
458 2825 485 2874 p.
500 2815 530 2859 50
606 2813 671 2858 4444
691 2811 745 2859 iam
764 2809 839 2860 4444
918 2813 979 2858 4444
1005 2811 1105 2860 Nonius
1121 2825 1147 2872 p.
1163 2813 1221 2870 444,
1236 2803 1394 2860 4444444444

363 2910 412 2962 pro
426 2898 548 2947 reddam.
567 2896 677 2946 Plautus
692 2897 719 2944 in
732 2896 829 2945 Casina
839 2895 873 2958 [4,
886 2896 925 2958 ii]
941 2895 1014 2946 “ruri
1027 2893 1170 2946 reddib0”.
1195 2896 1271 2946 idem
1284 2897 1310 2945 in
1325 2896 1394 2946 Men.

363 2981 481 3032 “saluum
499 2982 549 3031 tibi
568 2985 605 3032 444
622 2984 653 3031 ut
670 2982 738 3031 mihi
757 2981 856 3031 dedisti
869 2975 1010 3031 reddibc”.’
1100 2983 1165 3030 rtem
1181 2985 1271 3043 priore
1283 2982 1337 3030 4444
1350 2981 1395 3032 BC

466 3067 599 3117 redhibeo
615 3066 634 3117 C
652 3063 698 3117 sed
717 3067 805 3117 habeo
821 3068 857 3127 Β,·
876 3065 998 3116 reddebo
1017 3069 1150 3128 superiore
1169 3066 1280 3117 4444Βο

365 3154 409 3201 hie
421 3166 499 3202 444444
511 3154 600 3201 mutilo
614 3151 673 3211 ΒΟ,
692 3153 737 3201 inc
749 3166 840 3203 mame
856 3156 924 3209 (corr
936 3151 1022 3211 mane)
1041 3152 1061 3200 Β
1074 3152 1119 3201 inc
1132 3165 1175 3201 me
1188 3166 1267 3202 mane
1282 3151 1395 3215 Csupra

434 3241 498 3286 4444
519 3238 600 3287 hodie
618 3251 700 3298 supra
718 3251 759 3287 am
773 3237 817 3288 BC
953 3237 1055 3300 multis]
1077 3233 1156 3287 mirus
1171 3251 1253 3300 supra
1273 3238 1318 3289 BC
1334 3252 1396 3288 uere

434 3325 499 3372 4444
513 3324 612 3384 Reliqui
623 3336 715 3373 4444444
725 3324 838 3387 smmum
850 3336 915 3385 puae
927 3324 967 3372 bic
979 3328 1017 3373 444
1028 3327 1056 3374 444
1069 3323 1151 3383 libris,
1168 3338 1234 3385 quae
1246 3325 1307 3385 quid
1319 3326 1396 3374 444444

364 3424 380 3460 a
398 3411 540 3472 superioris
558 3410 606 3458 4444
623 3411 754 3471 scriptura
773 3413 897 3471 apparea
919 3421 997 3471 posse
1015 3414 1060 3458 aui
1078 3410 1145 3458 huuc
1163 3423 1267 3459 44444444
1291 3414 1336 3460 aui
1355 3415 1396 3460 44-

365 3499 414 3545 4444
435 3501 548 3545 tenorem
566 3497 690 3544 cruiiouis
713 3497 741 3544 44
762 3498 902 3595 pristinam
919 3495 1032 3556 sormam
1049 3497 1168 3544 44444444
1186 3497 1292 3557 despero

366 3610 431 3656 4444
449 3608 508 3657 Vide
520 3609 554 3656 ad
567 3610 632 3655 4449
730 3603 787 3671 lpse
800 3607 929 3656 adtulerrt
940 3607 961 3656 Β
973 3607 1019 3656 444
1031 3607 1084 3656 icco
1171 3620 1215 3655 me
1228 3606 1328 3656 habeat
1341 3607 1360 3658 C
1372 3613 1397 3656 44

363 3698 472 3754 utroque
491 3693 544 3742 4444
558 3694 594 3752 Β
613 3707 695 3756 supra
713 3707 756 3742 me
770 3693 850 3743 abeat
865 3693 920 3744 Cei
936 3706 995 3742 4444
1008 3693 1029 3742 Β
1119 3692 1183 3741 med
1196 3692 1396 3742 41444444444444

446 3782 508 3826 4444
520 3779 561 3829 Ne
580 3783 638 3829 tum
651 3781 805 3829 Lambinus:
821 3779 924 3828 nedum
936 3780 976 3827 444
988 3778 1107 3827 necdum
1206 3782 1271 3827 4448
1285 3778 1397 3828 aiebant

367 3864 547 3914 Camerarius:
569 3864 699 3914 dreebaut
809 3868 874 3913 4449
891 3864 988 3915 Gellius
999 3865 1031 3913 N.
1039 3864 1067 3913 A.
1077 3867 1118 3924 48,
1128 3867 1152 3924 9,
1170 3866 1181 3912 4
1192 3855 1281 3912 ‘Velio
1292 3863 1395 3926 Longo,

365 3964 418 3999 uon
438 3950 543 4000 homini
561 3951 688 4010 indocto,
714 3949 796 4000 fidem
815 3964 875 3999 esse
892 3950 1064 4009 habendum,
1085 3950 1131 4013 qui
1151 3950 1178 3998 iu
1198 3949 1397 3998 commentario

366 4037 441 4098 quod
453 4034 563 4085 iecisset
575 4036 609 4085 de
621 4049 674 4086 usu
686 4038 814 4099 antiquae
827 4036 952 4085 lectionis
965 4037 1115 4100 scripserit,
1128 4049 1182 4085 non
1196 4036 1309 4097 inseque
1322 4034 1398 4098 apud

364 4120 483 4170 Ennium
502 4121 645 4183 legendum
664 4122 713 4171 sed
731 4122 832 4179 insece,
853 4121 969 4184 ideoque
982 4136 998 4171 a
1012 4121 1152 4170 veteribus
1172 4133 1240 4183 quas
1259 4120 1398 4169 narratio·

367 4218 414 4254 nes
433 4206 551 4255 dicimus
565 4207 728 4256 insectiones
744 4219 804 4255 esse
816 4205 979 4269 appellataS,
992 4206 1143 4256 Varronem
1163 4219 1272 4270 quoque
1283 4217 1397 4254 versum
