3210 4798
604 284 670 341 Act.
685 303 704 341 v
722 285 765 341 So.
781 288 797 339 8
816 286 850 342 V.
864 287 965 339 33-48
1257 288 1296 351 89

632 457 846 514 Manducemus
864 458 935 515 Sra.

269 559 379 619 Hercle
403 557 455 633 qui
476 561 509 617 tu
531 574 577 616 me
601 556 778 617 admonuisti
801 562 892 631 recte,
917 562 946 618 et
967 557 1064 618 habeo
1087 557 1221 634 gratiam.

204 683 256 726 rou
269 672 365 746 Perge
388 686 509 744 operam
533 668 614 743 dare,
638 669 763 729 obsecro
785 668 898 730 hercle:
924 669 1001 730 liber
1024 672 1095 744 esto,
1120 668 1145 728 si
1160 668 1276 729 invenis

269 784 357 842 Hunc
381 798 477 840 meum
500 779 622 840 fratrem
644 797 718 840 esse.

697 887 851 942 Mnesauro

723 984 825 1061 Spero.

632 1092 846 1149 Manaaorruus
864 1091 935 1148 Sua.

831 1193 870 1251 Et
893 1209 947 1268 ego
969 1191 1048 1251 idem
1071 1208 1157 1268 spero
1180 1191 1252 1252 fore.

705 1299 859 1354 Musaniano

205 1413 255 1456 rou
269 1399 348 1472 Quid
371 1399 415 1459 ais
438 1396 492 1458 tui
514 1395 740 1457 Menaechmum
762 1397 869 1475 opinor
891 1402 920 1457 te
943 1398 1045 1458 vocari
1068 1397 1195 1457 dixeras.

622 1504 835 1559 Manancunus
853 1504 940 1559 Earn.

267 1606 313 1665 Ita
335 1622 414 1665 vero.

702 1711 857 1763 Massrrro

421 1809 500 1870 Huic
523 1810 593 1869 item
615 1808 810 1868 Menaechmo
834 1826 941 1869 nomen
965 1812 1018 1869 est.
1053 1810 1088 1868 In
1111 1807 1212 1868 Sicilia

267 1924 312 1983 Te
335 1921 493 1998 Syracusis
517 1925 619 1981 natum
642 1937 706 1980 esse
731 1919 845 1980 dixisti:
871 1919 920 1980 hie
942 1923 1098 1992 natusest
1120 1919 1169 1980 ibi.

204 2046 256 2090 1oao
267 2031 423 2095 Moschum
444 2033 499 2093 tibi
521 2037 637 2109 patrem
659 2031 750 2092 fuisse
775 2032 889 2092 dixisti:
914 2032 984 2092 huic
1006 2031 1109 2091 itidem
1131 2031 1195 2092 fuit.

268 2147 355 2206 Nunc
379 2163 500 2221 operam
523 2143 646 2221 potestis
669 2145 755 2204 ambo
778 2143 849 2203 mihi
872 2143 945 2204 dare
968 2148 997 2203 et
1019 2143 1105 2204 vobis
1128 2143 1223 2203 simul.

621 2251 835 2306 Mananorncue
854 2253 940 2307 Earn.

267 2349 460 2411 Promeruisti
483 2355 574 2411 utne
599 2349 672 2425 quid
693 2368 760 2410 ores
785 2349 866 2426 quod
888 2349 963 2411 velis
988 2349 1060 2425 quin
1081 2349 1231 2426 impetres.

267 2464 343 2547 'Pam
366 2462 453 2538 quasi
475 2480 520 2522 me
544 2461 650 2522 emeris
673 2466 806 2538 argento,
830 2462 907 2523 liber
930 2461 1048 2522 servibo
1070 2461 1133 2521 tibi.

702 2568 860 2622 Massicum

269 2669 344 2746 Spes
366 2668 438 2729 mihi
461 2672 515 2739 est,
539 2684 591 2727 vos
613 2667 788 2727 inventuros
811 2666 919 2727 fratres
942 2683 1098 2743 germanos
1121 2665 1196 2726 duos

205 2795 256 2837 roos
269 2779 419 2855 Geminos,
444 2798 503 2839 una
525 2781 619 2837 matre
642 2782 729 2838 natos
752 2783 782 2838 et
803 2783 889 2854 patre
912 2795 972 2837 uno
995 2795 1054 2836 uno
1077 2775 1134 2836 die.

622 2883 836 2939 Manancrrnue
853 2885 940 2939 Earn.

268 2988 345 3047 Mira
367 3002 529 3046 memoras:
555 2983 669 3051 utinam
692 2981 810 3043 efficere
835 2981 917 3060 quod
940 2982 1091 3059 pollicitus
1113 2982 1236 3058 possies.

706 3090 859 3145 Massnuro

269 3194 401 3254 Possum.
426 3190 485 3253 Sed
508 3207 587 3251 nune
611 3189 689 3266 agite
713 3192 840 3264 uterque
863 3187 894 3247 id
918 3187 998 3265 quod
1021 3189 1132 3264 rogabo
1156 3187 1253 3249 dieite.

267 3481 461 3546 percontarier]
476 3480 607 3544 ctdmpb.
618 3483 661 3530 844
677 3479 812 3530 decedam
825 3481 906 3543 atque
916 3480 986 3529 hane
997 3479 1150 3544 appellabo.
1169 3480 1239 3529 Mea.
1249 3482 1297 3528 888

269 3568 351 3619 adibo
366 3570 447 3632 atque
459 3568 599 3616 hominem
612 3566 753 3630 accipiam.
773 3565 811 3615 Aa
823 3567 890 3615 idem
901 3579 982 3629 peaes
995 3566 1166 3615 collocationis
1177 3566 1246 3613 oram
1258 3566 1299 3613 lo-

268 3656 363 3704 tim‘tati
374 3666 507 3703 cananeae
516 3655 646 3716 pertineat
655 3654 702 3701 498
714 3664 803 3714 neque
816 3665 865 3715 ego
874 3651 968 3701 Erotio
978 3650 1046 3701 Dedi
1059 3663 1110 3699 nec
1122 3650 1222 3715 pallam
1236 3662 1298 3699 sur-

269 3739 350 3803 rupui
358 3754 366 3796 ;
387 3741 435 3786 ete
449 3751 538 3802 neque
552 3749 655 3802 pugnas
669 3750 756 3800 neque
769 3751 818 3800 ego
831 3738 886 3787 litis
899 3738 995 3801 coepio
1003 3752 1012 3795 ,·
1030 3749 1095 3797 puae
1106 3737 1205 3786 iotario
1216 3739 1298 3796 temp-

268 3829 358 3874 tentur
370 3837 386 3873 a
398 3826 507 3874 criticis:
524 3823 562 3887 Cf.
574 3827 621 3872 883
636 3836 678 3873 res
692 3822 778 3885 magis
791 3824 932 3885 quaeritur
944 3835 1026 3885 quarn
1045 3821 1176 3870 clientum
1188 3820 1265 3879 tides,
1277 3825 1299 3870 et

270 3914 326 3961 eso.
337 3914 384 3960 roe
475 3912 540 3959 rore
554 3900 617 3974 qmn
630 3910 651 3958 a
664 3922 730 3973 quin
746 3906 765 3959 c
797 3906 836 3971 cs.
848 3909 882 3958 ao
893 3910 940 3956 tro
1013 3909 1078 3955 rore
1092 3902 1234 3970 opsecroc

270 4000 335 4045 itii
349 3991 407 4059 agis
419 3998 440 4046 B
450 4009 484 4058 pr
597 3997 662 4043 4879
683 3994 765 4044 dixti:
788 3995 814 4042 ct
826 3993 870 4042 bic
885 3992 1026 4055 Seyffertaa
1038 3993 1106 4041 atad.
1122 3992 1206 4041 Plorat.
1222 4005 1250 4054 p.
1266 3995 1297 4040 48

338 4086 403 4132 48844
418 4082 512 4132 dixisti
528 4081 654 4142 soporas-2
677 4081 746 4130 dixit
759 4079 803 4130 BC
893 4081 957 4127 4884
973 4079 1147 4127 inventurum
1160 4078 1300 4127 Lambinus

339 4167 707 4232 ib8opossies0omeroriur:
723 4160 806 4230 possis
857 4167 921 4213 4887
931 4163 1008 4226 agite]
1022 4163 1299 4226 cogiteBcerrco·rte
