3210 4798
380 266 421 330 88
716 264 781 320 Act.
793 281 812 319 v
830 263 874 321 Sc.
888 268 904 318 6
920 266 957 321 ·V.
969 267 1071 319 22-32

817 436 973 490 Musaeum

315 544 365 588 roos
379 535 418 594 Di
440 534 631 607 immortales,
655 551 739 610 spem
761 534 943 611 insperatam
967 534 1035 595 dats
1058 534 1128 595 mihi
1152 553 1243 612 quam
1268 538 1409 613 suspicor.

378 647 456 706 Nam
478 646 535 706 nisi
558 664 604 705 me
627 646 742 706 animus
765 646 851 719 fallit,
875 645 906 705 hi
929 652 998 707 sunt
1019 647 1128 722 gemini
1150 648 1289 724 germani
1313 647 1385 708 duo:

378 758 456 817 Nam
479 762 509 818 et
530 757 658 834 patriam
681 762 711 818 θῖ
733 762 849 833 patrem
871 763 1100 818 commemorant
1125 759 1240 835 pariter
1265 760 1318 835 qui
1345 759 1411 819 fue-

1106 869 1166 929 rint
1188 870 1253 930 sibi.

313 989 364 1031 1066
380 978 533 1040 Sevooabo
556 998 647 1040 erum.
672 1014 715 1024 -
736 978 938 1039 Menaechme.

742 1087 931 1141 Mnuanornn
949 1084 1040 1140 Anno

943 1183 1022 1257 Quid
1044 1183 1112 1244 visi

813 1292 968 1346 Massnruo

1109 1392 1177 1450 Non
1202 1392 1306 1450 ambos
1330 1392 1408 1465 volo,

378 1499 437 1561 Sed
460 1505 526 1562 uter
548 1505 681 1562 vostrum
704 1504 750 1561 θεῖ
772 1500 916 1562 advectus
938 1519 1053 1562 mecum
1075 1501 1153 1561 navi.

729 1608 944 1664 Mnuancnnus
962 1608 1048 1662 Eum.

1188 1708 1256 1766 Non
1280 1724 1346 1782 ego.

739 1814 954 1869 Mannncnmns
973 1812 1043 1868 Suu.

311 1923 361 1965 1006
375 1914 418 1972 At
440 1930 503 1989 ego.

813 2018 969 2074 Massnuro

501 2119 546 2178 Te
569 2119 640 2179 volo
663 2119 761 2197 igitur.
786 2118 854 2178 Huc
877 2117 1017 2179 concedo.

740 2226 954 2281 Manaacmmus
972 2224 1042 2281 Sua.

1018 2324 1169 2385 Concessi.
1193 2323 1272 2397 Quid
1295 2322 1363 2383 esti

812 2431 967 2486 Musaniano

374 2530 440 2591 Illic
463 2529 551 2591 homo
574 2534 626 2590 aut
648 2528 838 2607 sycophanta
859 2533 912 2589 aut
934 2529 1068 2606 geminus
1090 2533 1136 2589 θεῖ
1157 2529 1250 2589 frater
1268 2535 1346 2589 tuus.

311 2661 362 2703 roro
374 2642 452 2702 Nam
467 2660 522 2718 ogo
537 2640 685 2703 homiuem
699 2640 810 2702 homini
826 2640 997 2701 similiorem
1013 2658 1174 2715 numquam
1189 2639 1252 2699 vidi
1268 2641 1406 2715 alterum,

375 2754 482 2829 Neque
499 2772 579 2831 aqua
594 2772 692 2831 aquae
708 2771 806 2828 nequo
822 2754 901 2813 lacte
917 2758 963 2813 est
981 2752 1061 2825 lacti,
1079 2750 1168 2811 crede
1183 2750 1407 2827 numnquam

992 2862 1126 2938 similius,

377 2975 472 3048 Quam
494 2976 543 3037 hio
565 2976 609 3037 tui
625 2980 670 3036 est
684 2980 776 3052 tuque
792 2974 881 3035 huius
904 2977 1018 3048 autem3
1043 2979 1111 3050 post
1132 2972 1258 3033 eandem
1276 2974 1406 3051 patriam

992 3104 1028 3146 ao
1051 3089 1168 3162 patrem

373 3197 526 3257 Memorat.
550 3198 657 3258 Melius
681 3201 726 3258 est
747 3215 801 3258 uos
823 3197 907 3258 adiro
931 3202 1021 3275 atquc
1044 3197 1123 3258 hunc
1146 3196 1359 3274 percontarier.

374 3465 434 3502 meo
454 3452 578 3514 Palodes:
600 3453 659 3502 Tun
679 3466 756 3503 amco
854 3466 915 3502 meo
937 3452 965 3513 C,
986 3453 1067 3503 666616
1167 3453 1232 3500 6066
1252 3453 1406 3514 gemmarii

442 3541 508 3588 6066
528 3540 555 3587 ct
574 3539 690 3603 patriam
709 3542 736 3588 et
754 3540 859 3604 putrem
877 3540 993 3601 Lipsius:
1015 3542 1042 3588 et
1058 3540 1163 3603 patrem
1177 3540 1203 3586 et
1216 3538 1330 3586 matrem

373 3627 439 3672 6067
455 3626 613 3674 vostrorum
624 3624 782 3685 nossoncour,
796 3630 873 3683 recte,
887 3626 939 3674 cisi
951 3624 1017 3686 forte
1028 3626 1110 3673 moles
1128 3622 1181 3672 Sed
1199 3626 1260 3672 uter
1277 3625 1405 3672 vostrum

372 3710 414 3757 θεῖ
428 3707 527 3773 [hodie]
543 3710 675 3760 advectus
691 3722 800 3760 mecum
817 3712 890 3770 navi,
907 3710 1046 3759 66166067.
1064 3711 1134 3771 Quae
1146 3713 1285 3771 praetereo
1297 3711 1405 3772 excopi-

371 3798 425 3843 toto
438 3798 507 3854 suat,
520 3797 597 3845 irrita
609 3796 730 3845 uideatur
806 3799 871 3844 6066
886 3798 931 3845 aut
947 3795 1005 3858 [est]
1019 3795 1179 3851 Bitschclioc,
1193 3795 1275 3844 homo
1292 3792 1403 3857 [hercle]

371 3879 481 3929 Brixiae
569 3884 630 3930 6076
650 3882 801 3931 Priscianus
818 3885 842 3941 6,
854 3894 882 3944 p.
895 3885 954 3940 666,
969 3885 982 3929 7
998 3881 1029 3929 Η.
1040 3873 1237 3943 ‘antiquissimi
1251 3879 1333 3928 etiam
1350 3880 1405 3928 hoc

371 3964 441 4014 lacte
454 3967 600 4030 protulisse
617 3966 795 4017 inveniuntur
807 3969 877 4016 teste
889 3967 976 4031 Capro
991 3991 997 4003 ·
1015 3992 1020 4004 ·
1035 3965 1071 4014 Pl.
1085 3967 1113 4014 in
1126 3966 1194 4014 Men.
1204 3964 1309 4028 “neque
1323 3987 1329 4002 ·
1344 3990 1350 4002 ·
1364 3968 1405 4014 si-

370 4046 498 4102 milius”.'
606 4053 645 4101 De
656 4056 758 4102 motata
771 4054 958 4101 constructione
970 4053 1002 4114 cf.
1018 4053 1112 4101 Macro
1125 4052 1202 4101 Lacr.
1215 4054 1240 4108 6,
1255 4053 1316 4098 6666

372 4138 438 4183 6076
449 4139 512 4200 post
521 4137 637 4186 eandem
645 4135 764 4186 Bottiaia:
777 4132 872 4201 postea
881 4137 995 4187 eandem
1069 4140 1134 4185 6073
1149 4137 1225 4186 adire
1235 4138 1316 4199 atquc
1329 4136 1405 4185 hunc
