3210 4798
554 277 620 336 Act.
635 295 655 336 v
673 278 718 336 99.
732 283 745 331 9
765 279 799 336 v.
815 281 915 334 99-99
1206 284 1243 347 81

651 452 806 506 Messnrne

212 552 272 610 Pre
296 549 327 609 di
349 538 544 625 immertales,
567 549 706 625 ebsecro,
731 549 803 626 quid
827 567 882 627 ege
904 550 998 611 eculis
1020 551 1131 628 aspicio
1153 550 1245 611 meist

213 663 306 721 Erum
329 679 426 721 meum
447 660 651 737 indignissime
674 661 774 721 nescio
798 661 850 736 qui
872 662 1018 723 sublimen
1040 662 1149 724 ferunt.

621 766 837 823 Mennnenmus

212 865 325 940 Ecquis
349 865 501 941 suppetias
523 865 563 925 mi
586 867 676 927 sudet
699 865 801 926 ferret

651 974 807 1029 Mnssmao

829 1071 903 1148 Ego,
927 1089 986 1146 ere,
1010 1072 1216 1134 audacissime.

125 1188 128 1191 ·
157 1179 237 1241 9990
262 1181 378 1241 facinus
401 1181 555 1258 indignum
578 1185 747 1258 9199991999,

212 1292 383 1370 Epidamnii
406 1293 496 1369 cives,
521 1311 604 1354 erum

211 1405 309 1464 Meum
332 1404 381 1464 hic
404 1404 435 1464 in
457 1408 565 1480 pacate
589 1404 701 1481 oppidu

211 1515 288 1575 Luci
310 1515 451 1592 derupier
472 1516 504 1576 in
526 1516 585 1592 via,

211 1626 270 1699 Qui
292 1627 368 1686 liber
390 1626 430 1687 ad
452 1645 506 1688 ves
528 1628 652 1688 venerit.

157 1750 197 1791 999
210 1738 318 1799 Mittite
340 1738 446 1799 istunc.

629 1837 835 1891 Mnatncnmrs

453 1944 585 2006 Obsecro
606 1949 637 2005 te
661 1943 797 2020 quisquis
820 1962 942 2021 operam
964 1949 998 2005 ut
1021 1945 1073 2004 des
1096 1945 1176 2022 mihi,

209 2057 277 2116 Neu
300 2057 380 2116 sines
402 2056 434 2116 in
456 2076 502 2117 me
524 2056 664 2133 insignite
686 2055 750 2116 fieri
772 2059 886 2116 tantam
908 2055 1054 2116 iniurium.

647 2164 802 2218 Mnssnure

209 2262 302 2321 Immo
326 2266 356 2321 et
377 2280 499 2338 opernm
522 2261 600 2322 (19199
624 2266 654 2322 91
676 2261 835 2321 defendam
858 2265 887 2321 et
910 2261 1074 2322 subvenibo
1098 2263 1210 2323 sedule.

209 2376 379 2448 Numquam
402 2377 431 2432 te
454 2373 553 2450 patiar
574 2373 686 2450 perire:
712 2391 758 2433 me
780 2373 909 2450 perirest
931 2373 1066 2448 aequius.

209 2484 301 2567 Eripe
324 2486 444 2544 sculum
465 2484 523 2560 isti,
548 2485 586 2545 ab
609 2503 711 2546 umere
735 2485 787 2561 qni
809 2489 900 2561 tenet,
925 2503 985 2560 ere,
1008 2488 1038 2545 te
1061 2486 1196 2546 ebsecro.

156 2605 194 2647 999
209 2597 301 2656 Ηί999
324 2613 379 2671 ege
402 2595 461 2655 iam
484 2599 644 2657 sementem
661 2597 693 2656 in
709 2613 761 2684 ere
777 2596 884 2657 faciem
899 2613 1077 2673 pugnosque
1093 2597 1238 2656 obseram.

208 2707 337 2767 Maxime
359 2705 450 2765 hodie
473 2708 549 2766 male
572 2705 674 2767 hercle
696 2711 798 2767 vestro
821 2708 919 2767 istunc
941 2707 1041 2767 fertis:
1067 2707 1180 2766 mittite.

624 2814 830 2866 Mnnrncnnns

207 2912 309 2972 Teneo
333 2929 387 2988 ego
410 2894 480 2971 huic
503 2913 630 2971 oculum.

644 3018 800 3073 mnssnmo

542 3116 623 3176 Face
647 3120 678 3175 ut
700 3116 779 3176 oculi
800 3116 885 3175 locus
908 3116 938 3175 in
961 3115 1059 3193 capite
1083 3121 1236 3193 appareat.

156 3246 194 3289 999
208 3229 268 3287 Vas
292 3228 418 3303 scelesti,
442 3245 497 3287 ros
519 3228 647 3305 rapacis,
670 3245 724 3287 ves
747 3226 915 3303 praedones
938 3262 981 3270 —

213 3441 364 3490 Vaticanus:
391 3436 460 3504 ques
472 3440 514 3491 BG
629 3434 828 3490 circumsrstrtrs
844 3440 998 3502 Lipsiensis:
1026 3436 1202 3491 circumsutis
1220 3440 1239 3491 C

208 3517 383 3601 crrcumftftrt'
393 3552 415 3601 B
511 3555 558 3601 981
579 3553 626 3601 aut
644 3554 671 3600 et
684 3551 705 3600 B
714 3563 758 3613 pr,
777 3550 796 3602 Ο
890 3554 938 3601 989
961 3552 1077 3613 (tutaque
1095 3556 1238 3613 quaterue-

207 3640 261 3687 rr'os
274 3639 399 3698 descripsi
411 3642 516 3687 auctcre
529 3637 682 3700 Ktessts'upto
689 3653 697 3696 ;
716 3639 744 3685 tu
757 3637 779 3685 B
794 3649 885 3686 versus
898 3638 948 3686 duo
960 3642 1021 3688 suut
1037 3640 1075 3687 tta
1093 3637 1236 3687 distributi:

208 3724 227 3774 Ο
241 3723 347 3773 facinus
360 3758 367 3773 .
380 3756 388 3774 .
400 3735 477 3773 erum
490 3722 602 3785 1191999999
616 3758 622 3771 .
637 3759 643 3772 .
656 3759 662 3771 .
675 3722 780 3772 venerit
858 3726 906 3772 989
927 3721 1091 3782 1919999190,
1106 3723 1166 3772 elim
1178 3735 1238 3771 cor-

206 3814 306 3858 rectum
428 3810 476 3856 999
497 3802 604 3857 Mittrtrs
619 3810 684 3858 tunc
700 3808 720 3861 C
737 3805 865 3859 Mittunt
880 3810 945 3857 tunc
964 3814 1022 3857 cum
1039 3809 1118 3857 uutus
1136 3807 1237 3857 litterae

206 3906 304 3942 rasura
318 3892 339 3941 B
357 3883 450 3941 19199191Θ
465 3888 552 3943 ritune
570 3905 630 3942 cerr
647 3894 785 3945 Vaticanus
876 3886 1031 3957 qursqursB
1044 3887 1167 3956 quisquis
1176 3887 1206 3942 es
1218 3891 1237 3943 0

298 3980 328 4028 ut
347 3977 394 4029 des
407 3979 474 4028 mihi
490 3977 669 4029 Camerarius:
691 3981 758 4030 mrhr
770 3983 802 4029 ut
815 3974 864 4028 dei
872 3979 912 4028 aet
925 3977 993 4026 9999999
1004 3972 1085 4028 mdes
1186 3981 1234 4027 999

207 4077 250 4113 me
262 4064 378 4128 perirest
390 4063 504 4128 aequius
514 4062 694 4116 Camerarius:
713 4079 756 4115 me
777 4056 881 4115 derrres
891 4060 1025 4113 tecmusG
1036 4077 1080 4113 me
1099 4058 1239 4113 derideres

206 4153 232 4199 te
251 4145 331 4200 curus
341 4150 362 4199 B

1013 4250 1028 4301 6
