3210 4798
571 323 639 380 Aet.
652 338 676 379 11
693 323 738 380 Sc.
754 327 769 378 3
788 326 823 381 V.
839 327 940 379 83-90

679 497 835 552 Mussuuro

237 596 309 655 Neu
332 598 364 653 tu
386 593 459 653 letus
482 593 652 655 meretriees
674 594 791 669 novisti,
815 594 888 655 ere‘l

649 710 870 774 Muueuenuus

837 819 929 893 Tuee,
953 818 1076 894 inquam
1089 864 1095 877 .
1110 864 1117 877 .

241 928 316 990 Mihi
338 928 459 1000 dolebit,
483 947 542 990 nen
564 929 627 1004 tibi,
651 929 676 989 ei
700 929 772 1005 quid
795 947 850 1006 ego
873 931 961 990 stulte
983 929 1092 991 leeere.

188 1054 231 1096 ree
244 1041 350 1102 Mulier
360 1038 436 1100 haee
449 1042 540 1101 stultu
555 1045 646 1117 atque
657 1040 765 1101 inseite
780 1044 838 1101 est:
866 1047 1009 1116 quantum
1021 1042 1161 1119 perspexi
1176 1042 1271 1108 modo.

246 1153 299 1212 Est
319 1151 367 1212 hie
389 1151 506 1228 praede
528 1151 622 1212 nobie.

678 1258 833 1313 llueeuruo

628 1356 716 1431 Perii,
740 1355 838 1417 iumrre
860 1357 948 1418 abiel
970 1358 1063 1419 Periit
1084 1358 1191 1435 prebe:

240 1469 333 1530 Dueit
354 1469 484 1529 lembum
508 1467 670 1528 diereetum
692 1469 778 1529 nevis
800 1468 1000 1546 praedatoria.

240 1581 303 1643 Sed
324 1598 380 1657 ege
401 1579 526 1640 inseitue
550 1578 601 1654 qui
624 1579 741 1640 demine
763 1598 809 1641 me
832 1583 978 1656 postulem
1000 1579 1198 1641 moderarier:

239 1692 330 1753 Diete
353 1710 399 1753 me
421 1689 493 1751 emit
515 1690 693 1766 audientem,
716 1690 799 1752 haud
821 1691 1028 1768 imperatorem
1050 1691 1116 1752 eibi.

185 1817 226 1859 ree
240 1802 414 1879 Sequimini,
433 1805 467 1862 ut
483 1801 564 1878 qued
578 1801 754 1879 imperatum
770 1805 815 1862 eet
829 1802 947 1863 veniam
962 1802 1121 1863 adversum
1136 1800 1270 1878 temperi.

242 2059 396 2110 Lambinus:
418 2053 483 2109 solil
564 2061 612 2107 433
635 2059 730 2108 Versus
746 2061 774 2109 iu
790 2061 842 2123 flue
858 2060 980 2118 mutilum
997 2058 1110 2122 fortusse
1126 2057 1207 2117 Teee,
1227 2057 1270 2106 in-

242 2157 325 2209 quum
346 2143 382 2209 [et
400 2143 443 2194 lec
462 2143 549 2208 tuum]
628 2146 676 2193 433
696 2138 775 2194 inlitu
795 2143 839 2195 BG
913 2147 957 2193 434
981 2145 1050 2210 perii
1069 2144 1189 2195 Bettius:
1211 2155 1270 2208 perr

311 2234 360 2280 433
379 2230 496 2281 limbum
514 2230 560 2282 BC
647 2231 695 2277 433
715 2224 811 2281 inlitus
826 2230 873 2281 Bc
961 2230 1008 2294 qui
1027 2229 1139 2280 domino
1158 2242 1202 2279 me
1220 2229 1270 2278 Be·

240 2318 322 2367 ttius:
345 2317 418 2393 quiq
431 2302 507 2366 rome
523 2314 629 2380 Cquod
642 2316 751 2394 rompli
767 2314 805 2380 Cf.
820 2317 911 2379 Ampe.
927 2319 975 2366 333
994 2316 1045 2375 Qui
1059 2316 1189 2380 quonium
1207 2327 1270 2365 erus

241 2402 316 2466 qued
335 2403 480 2468 imperavit
497 2402 639 2466 neglexisti
656 2403 799 2467 persequi,
817 2402 899 2453 Nune
916 2403 994 2452 venie
1011 2402 1093 2451 etiem
1112 2400 1183 2452 ultro
1202 2401 1270 2450 inri-

240 2501 304 2539 sum
323 2487 474 2539 dominum.
502 2488 541 2552 Cf.
554 2489 615 2538 ibid.
631 2491 688 2538 833.
707 2488 777 2539 Asin.
791 2491 850 2538 333.
874 2486 947 2551 Cupi.
960 2491 1004 2537 364
1022 2500 1058 2549 sp.
