3210 4798
427 283 491 341 Act.
507 301 519 341 1
537 285 582 343 So.
598 288 609 338 1
630 286 665 343 V.
678 288 789 340 66-63.
813 284 859 341 Sc.
870 288 886 340 6
899 285 935 342 V.
949 288 1031 340 4-46
1206 292 1240 351 11

217 463 295 522 Nam
316 479 415 538 neque
438 461 496 522 edo
518 480 617 538 neque
639 480 714 537 emo,
737 462 795 523 nisi
818 462 900 538 quod
922 466 969 523 est
989 462 1198 524 carissumnm:

217 573 254 632 ld
277 590 397 648 quoque
420 572 487 647 iam,
512 573 574 633 cari
597 574 649 649 qui
670 574 857 635 instruuntur
879 574 1029 655 deserunt.

217 685 306 745 Nunc
328 683 367 744 ad
390 701 457 744 eum
478 683 584 745 inviso.
630 684 691 746 Sed
712 685 846 762 aperitur
867 685 989 746 ostium:

217 794 442 855 Menaechmum
466 813 569 856 eccum
590 796 689 872 ipsum
710 796 813 857 video:
839 797 1029 874 progreditur
1050 795 1141 857 foras.

310 1292 588 1355 MENAEGHMUS
610 1293 884 1354 ADULESCENS.
922 1293 1146 1355 PENIOULUS

621 1413 845 1474 PARASITUS

533 1656 537 1661 -
622 1613 836 1670 6666666666

167 1735 207 1777 uo
219 1718 259 1778 Ni
280 1719 366 1794 maia,
390 1718 421 1779 ni
443 1722 535 1781 stulta
557 1720 607 1795 sis,
630 1721 661 1781 ni
683 1692 827 1781 indomita
847 1720 1003 1797 imposque
1025 1719 1124 1793 animi,

220 1828 307 1901 Quod
330 1830 394 1891 viro
417 1848 482 1892 esse
505 1831 574 1893 odio
597 1830 715 1908 videas,
739 1835 801 1892 4646
824 1831 878 1893 tibi
900 1831 969 1892 odio
991 1831 1113 1892 habeas.

220 1940 400 2003 Praeterhac
423 1942 448 2002 si
470 1942 542 2003 mihi
563 1944 623 2005 tals
645 1943 815 2020 posthunc
838 1943 917 2003 diem

220 2051 321 2129 Farris,
344 2051 414 2113 faxo
436 2053 509 2114 foris
532 2055 624 2116 vidua
645 2055 725 2116 44666
747 2058 872 2132 patrem.

220 2164 298 2223 Nam
320 2165 458 2240 quotiens
482 2164 562 2226 foras
585 2167 628 2228 ire
649 2169 728 2243 volo,
749 2184 796 2226 me
818 2164 937 2241 retines,
961 2182 1095 2239 revocas,
1119 2164 1245 2242 rogitas:

169 2292 208 2334 115
222 2274 288 2347 Quo
311 2293 367 2353 ego
390 2295 463 2352 eam,
489 2295 579 2353 qoam
600 2296 663 2339 rem
685 2297 781 2357 agam,
806 2277 879 2354 quid
902 2276 1003 2355 negoti
1024 2294 1135 2354 geram,

221 2386 300 2459 Quid
323 2390 431 2464 petam,
456 2388 528 2463 quid
551 2388 653 2479 feram,
678 2390 751 2466 quid
773 2389 846 2450 ioris
869 2388 988 2466 egerim.

221 2497 399 2559 Portitorem
422 2499 542 2560 domum
564 2500 651 2561 duxi:
675 2501 717 2561 ita
739 2519 856 2562 omnem
877 2499 949 2563 mihi

222 2609 296 2669 Rem
317 2627 440 2671 necesse
463 2612 565 2688 eloqui
587 2616 641 2689 est,
666 2612 810 2690 quicquid
832 2612 881 2690 egi
902 2614 993 2687 atque
1016 2629 1082 2689 ago.

221 2719 351 2781 Nimium
363 2740 419 2799 ego
431 2726 461 2782 te
472 2722 565 2784 habui
577 2723 749 2784 delicatam:
775 2740 853 2783 nune
864 2722 939 2783 adeo
950 2725 984 2782 ut
997 2720 1131 2782 facturus
1143 2720 1249 2782 dicam.

222 2916 422 2925 -—.—--—-

223 3045 387 3106 sppciioctar
404 3049 521 3097 46664646
603 3041 725 3097 summus
743 3058 797 3110 666
812 3045 878 3108 prB
967 3048 1014 3094 466
1033 3039 1251 3095 knriiiumumii

260 3190 267 3205 x
294 3133 341 3179 464
367 3130 406 3181 Dc
428 3134 590 3184 distinctione
606 3145 698 3182 664666
713 3133 859 3194 incorrupti
882 3132 938 3181 44664
956 3132 984 3181 io
999 3132 1178 3194 prooemiari.
1192 3130 1249 3181 tect.

223 3220 288 3267 6664.
307 3219 372 3266 4664
388 3229 416 3279 p.
433 3221 514 3282 6666.
534 3221 671 3270 etiterum
687 3219 741 3268 iad.
760 3217 816 3267 tect.
837 3217 935 3266 4644646.
957 3219 1022 3266 4666
1042 3229 1071 3279 p.
1090 3218 1155 3280 tap.

293 3304 341 3350 446
362 3301 468 3353 Servius
483 3306 512 3353 46
530 3303 593 3354 Aea.
611 3306 636 3363 6,
651 3305 700 3353 666
714 3294 832 3365 ‘antiqui
852 3303 880 3352 ni
898 3315 949 3366 pro
972 3314 1006 3351 ne
1024 3300 1172 3367 ponebant,
1198 3314 1253 3365 666

223 3387 358 3452 particula
379 3388 476 3453 plenus
497 3390 539 3439 est
553 3389 664 3439 Plautus
681 3384 731 3439 “ni
752 3387 824 3438 mala
843 3387 872 3437 ui
890 3387 974 3438 646446
991 3381 1066 3438 aia”.’
1089 3386 1207 3438 Donatus
1225 3389 1252 3436 ic

226 3472 342 3525 1466664.
362 3477 387 3533 t,
408 3476 433 3534 6,
448 3476 480 3523 66
502 3466 621 3524 ‘veteres
639 3475 667 3524 ni
689 3487 739 3539 pro
759 3487 793 3524 nc
810 3471 950 3538 ponebant
969 3509 976 3524 .
992 3509 999 3523 .
1018 3473 1049 3523 ut
1072 3473 1182 3522 Plautus
1200 3467 1252 3521 “ni

224 3558 309 3611 646146
332 3555 390 3610 sis”
412 3572 462 3624 pro
480 3554 528 3610 ne?
622 3560 677 3609 sies
695 3559 810 3609 14644466.
833 3558 871 3621 Cf.
887 3561 936 3607 'ito
1024 3560 1072 3607 446
1090 3557 1163 3606 vises
1177 3557 1253 3606 4466-

223 3646 308 3707 646466
329 3645 422 3707 opusc
437 3646 482 3696 644.
495 3658 523 3708 p.
539 3649 570 3695 46
649 3645 697 3694 444
718 3643 786 3708 [ego]
808 3645 847 3694 446
866 3644 1032 3704 cccccccccc
1049 3642 1161 3706 46646666
1178 3641 1252 3693 46466

224 3730 307 3790 exire,
331 3730 365 3799 64.
380 3731 438 3781 466.
451 3734 511 3791 too,
531 3732 587 3783 4444.
606 3731 674 3795 otor.
689 3733 737 3779 itti
757 3730 791 3780 nd
810 3731 836 3779 te
854 3728 935 3780 exibo
954 3727 1027 3780 46466
1122 3731 1171 3778 446
1190 3740 1253 3791 ege-

225 3827 277 3864 nm
296 3816 391 3885 66666
408 3815 521 3879 legerim
536 3829 572 3879 pr
583 3815 652 3877 B‚G
723 3815 852 3877 Hoaptiuc
866 3816 930 3877 opp.
945 3818 970 3876 6,
985 3817 1034 3865 646
1053 3813 1127 3866 46466
1145 3827 1252 3877 egerem

296 3903 344 3951 446
367 3895 474 3951 necesse
497 3901 573 3967 46664
595 3899 634 3952 644
652 3901 698 3952 BG
813 3901 914 3950 Noniae
934 3912 962 3962 p.
982 3900 1025 3960 44,
1048 3904 1080 3950 66
1093 3892 1253 3965 ‘portitores

225 3985 355 4037 dicuutur
377 3987 519 4037 telonearii
541 3988 589 4051 664
607 3989 717 4052 6644646
736 3986 895 4037 obsidentes
914 3985 1006 4036 omnia
1031 3986 1204 4035 sciscitentur
1228 3986 1255 4034 et

225 4083 258 4120 ex
276 4084 309 4121 66
327 4072 444 4134 vectigal
462 4072 599 4138 accipiant
619 4109 625 4122 .
642 4110 648 4123 .
665 4109 671 4122 .
690 4072 730 4123 Pi.
749 4072 820 4122 Men.
839 4067 1017 4137 “portitorem
1035 4071 1148 4120 domum
1171 4070 1251 4121 duxi:

225 4157 262 4206 446
278 4158 342 4207 miii
358 4170 461 4209 neccaro
478 4162 516 4209 cat
537 4159 619 4220 cicccc·
640 4158 773 4221 quicquid
791 4157 833 4221 egi
852 4158 934 4220 64666
952 4150 1037 4219 ago”.‘
