3210 4798
590 1127 893 1200 PRAEFATIO.

307 1402 494 1467 Neoessitati
506 1421 623 1485 parens
634 1402 716 1465 hano
726 1402 829 1466 Plauti
841 1402 995 1479 tabulam,
1010 1422 1106 1484 quarn
1117 1403 1258 1486 publiois

226 1506 343 1570 soholis
358 1504 562 1588 interpretari
575 1505 671 1586 soleo,
687 1504 842 1570 edendam
855 1508 978 1570 ouravi:
997 1505 1160 1570 Ritsehelii
1172 1506 1257 1570 enim

226 1609 501 1674 Menaechmorum
517 1608 614 1672 editio
629 1618 766 1691 utraque
781 1620 814 1673 et
828 1610 928 1672 maior
943 1618 975 1673 et
990 1611 1093 1672 minor
1104 1609 1258 1675 exhausta

228 1714 347 1792 lertur3
365 1713 464 1776 Brixii
478 1711 609 1776 libellus
620 1713 778 1795 perutilis,
795 1712 945 1794 quoniam
961 1713 1040 1776 alias
1055 1714 1194 1777 rationes
1206 1732 1259 1776 sa-

226 1816 348 1900 quitur,
369 1836 432 1880 non
448 1837 485 1880 ea
501 1817 605 1880 omnia
621 1825 731 1899 parata
745 1816 841 1880 habet
852 1836 934 1899 quae
950 1818 1044 1897 oupio
1059 1816 1093 1878 in
1108 1826 1258 1900 promptu

226 1940 297 1985 esse
313 1921 354 1985 iis
369 1921 426 2003 qui
449 1921 523 1984 huie
542 1920 800 2002 interpretationi
816 1939 943 2001 operam
959 1918 1064 1983 daturi
1080 1929 1170 2000 sunt;
1196 1923 1257 1985 Us-

224 2025 320 2108 singii
351 2033 456 2088 autern
486 2044 636 2107 magnum
667 2042 748 2105 opus
779 2031 891 2105 suapte
922 2031 1035 2086 natura
1066 2042 1128 2086 non
1151 2032 1257 2105 potest

144 2196 148 2203 ,
224 2129 397 2193 multorum
419 2128 453 2191 in
476 2128 624 2192 manibus
646 2147 727 2192 esse.
772 2126 985 2201 Quamobrem
999 2146 1039 2190 ne
1055 2125 1257 2192 auditoribus

225 2231 371 2312 exempla
393 2229 543 2294 deessent
564 2228 679 2293 idonea
702 2238 735 2294 et
757 2228 930 2311 parabilia,
957 2229 1027 2311 ipse
1043 2229 1124 2294 hano
1140 2229 1257 2294 edendi

224 2353 354 2417 operam
366 2335 504 2417 sumpsi:
520 2354 584 2416 qua
596 2332 676 2416 quid
687 2334 818 2417 egerim,
833 2352 886 2396 res
898 2333 968 2415 ipsa
980 2331 1117 2398 docebit.
1140 2336 1258 2398 Emen-

227 2436 333 2502 datam
356 2438 497 2502 fabulam
521 2457 579 2501 neo
595 2436 670 2501 dedi
685 2456 745 2500 neo
760 2435 836 2501 dare
852 2437 957 2517 volui,
983 2456 1023 2500 ne
1039 2438 1066 2501 si
1081 2439 1257 2520 potuissem

223 2540 374 2624 quidem:
401 2560 474 2605 narn
490 2542 533 2605 ita
550 2542 663 2623 sentio,
689 2540 730 2605 iis
746 2541 802 2623 qui
818 2541 956 2604 rationes
971 2561 1008 2603 ao
1023 2542 1092 2605 vias
1107 2540 1258 2607 emenda-

224 2644 321 2709 tionis
343 2645 507 2709 Plautinae
533 2646 681 2728 plurimis
704 2642 948 2708 difficultatibus
975 2642 1145 2726 impeditae
1172 2655 1257 2708 reete

227 2748 395 2830 peroipere
418 2749 569 2831 eupiunt,
599 2748 679 2810 nihil
702 2748 813 2811 utilius
834 2757 891 2811 aut
915 2746 1016 2830 magis
1042 2750 1257 2813 necessarium

224 2869 306 2931 esee,
322 2870 418 2933 quam
431 2872 500 2916 earn
513 2852 643 2916 formam
656 2871 719 2934 qua
730 2850 789 2914 hae
801 2850 928 2914 fabulae
940 2851 1094 2914 librorum
1107 2853 1257 2916 memoria

223 2952 263 3018 ad
279 2961 419 3018 nostram
441 2963 576 3020 aetatem
596 2955 740 3037 proditae
756 2955 821 3018 sint
839 2954 968 3034 penitus
992 2973 1195 3037 cognosoere,
1221 2966 1257 3019 ut

224 3076 307 3139 quae
323 3058 357 3121 in
373 3077 409 3121 ea
424 3058 524 3122 forma
539 3079 637 3141 prava
654 3057 718 3122 sint
730 3065 785 3121 aut
800 3055 992 3121 dubitationi
1008 3057 1144 3122 obnoxia
1160 3058 1257 3122 intel-

221 3159 321 3243 ligere
336 3170 498 3244 quotaque
514 3181 587 3244 pars
603 3181 711 3225 eorum
727 3160 949 3225 emendatione
962 3169 1047 3224 eerta
1062 3162 1190 3226 restitui
1202 3172 1257 3227 aut

222 3263 381 3345 probabili
406 3263 645 3330 ratiocinatione
679 3264 815 3330 stabiliri
838 3264 940 3343 possit
969 3283 1093 3346 quaeve
1124 3285 1180 3347 pro
1209 3268 1256 3330 rei

221 3375 335 3431 natura
359 3367 392 3430 in
412 3368 560 3451 ambiguo
583 3369 648 3448 sint
669 3364 881 3449 relinquenda
902 3366 1002 3448 probe
1025 3366 1166 3432 iudioare
1188 3368 1257 3435 dis-

222 3478 305 3534 oant.
346 3472 456 3554 ltaque
480 3483 601 3536 textum
625 3473 751 3537 fabulae
774 3460 912 3534 deseribi
935 3470 1014 3533 iussi
1031 3473 1158 3553 qualem
1179 3473 1255 3536 libri

222 3573 333 3655 scripti
347 3574 509 3657 exhibent,
529 3575 777 3640 eorreotionibus
790 3591 853 3635 non
866 3572 1003 3654 receptis
1018 3573 1080 3638 nisi
1093 3596 1174 3659 quas
1185 3596 1255 3640 oer-

224 3683 273 3739 tas
288 3695 357 3739 esse
374 3677 554 3742 crederem:
574 3679 607 3741 in
622 3678 823 3743 adnotatione
839 3686 945 3740 autem
962 3676 1085 3743 subieoi
1100 3680 1254 3744 librorum

224 3777 398 3860 scripturas
422 3802 557 3864 quarum
572 3789 604 3844 tn
628 3781 833 3847 diiudicanda
855 3782 990 3846 lectione
1007 3803 1101 3847 usum
1117 3803 1187 3847 esse
1204 3782 1255 3845 in-

225 3884 414 3966 telligerem,
434 3905 474 3948 ex
489 3884 596 3950 eodioe
611 3886 766 3969 reeoripto
781 3883 989 3950 Ambrosiano
1009 3884 1169 3968 quidquid
1186 3886 1255 3948 llit-

225 3988 365 4052 sohelius
376 3987 493 4065 attulit,
509 3989 729 4054 exGamerarii
740 3989 823 4052 libro
842 3990 973 4055 ‘Vetere’
991 3998 1023 4052 et
1037 3987 1162 4051 ‘Altero’
1180 3989 1255 4070 plu-

223 4090 320 4172 rima,
348 4090 464 4154 reieeta
489 4092 691 4173 potissimum
706 4090 863 4155 levidensi
879 4092 1005 4173 generis
1021 4091 1254 4174 orthographioi

222 4190 446 4276 discrepantia,
466 4215 566 4276 pauca
582 4193 788 4277 exVatioano,
808 4193 840 4255 in
856 4194 906 4257 his
922 4194 1070 4260 omnibus
1085 4195 1254 4261 brevitatis
