3210 4798
365 286 406 347 24
692 281 760 339 Aet.
773 296 797 337 11
815 281 860 339 So.
875 284 887 336 1
908 283 944 340 V.
959 286 1059 338 32—47

312 469 351 512 aas
364 457 424 518 Ubi
446 458 488 518 nil
511 455 646 534 habebis,
670 458 818 536 geminum
842 458 911 519 dnm
935 477 1072 536 quaeres,
1096 478 1205 538 gemes.

365 571 441 629 Nam
463 569 505 629 ita
528 572 573 630 est
595 567 671 630 haec
694 568 845 631 hominnm
867 570 970 631 natio·
985 603 992 617 ·
1007 571 1229 649 ·Epidamnieis

365 680 534 759 Voluptarii
557 685 648 757 atque
671 685 824 758 potatores
847 682 1010 742 maxumei:

365 794 443 853 'lum
465 792 672 870 sycophantae
695 796 725 853 et
747 794 922 870 palpatores
944 794 1092 870 plurumei

365 906 401 964 ln
423 905 498 965 urbe
521 902 578 965 hao
601 901 752 964 habitant:
776 908 839 965 tum
861 904 1033 965 meretrioes
1055 905 1194 967 mulieres

314 1030 352 1073 reo
365 1017 522 1093 Nusquam
544 1013 741 1092 perhibentur
763 1014 937 1076 blandiores
959 1015 1100 1092 gentium.

366 1127 531 1203 Propterea
552 1126 622 1187 huie
645 1126 732 1187 nrbei
754 1144 862 1187 nomen
884 1127 1054 1204 Epidamno
1076 1127 1202 1188 inditum
1226 1134 1280 1204 est,

366 1237 443 1311 Quia
465 1255 552 1298 nemo
575 1237 667 1298 ferme
690 1237 754 1299 sine
778 1238 885 1299 damno
909 1238 969 1299 huo
993 1239 1167 1300 devertitur.

771 1345 987 1401 Mnuanonnus

367 1444 432 1521 ligo
454 1443 532 1505 istuc
555 1444 678 1504 oavebo.
702 1443 777 1504 oedo
801 1444 871 1504 dum
893 1444 952 1506 huo
975 1444 1047 1505 mihi
1069 1445 1282 1523 marsuppium.

805 1553 963 1607 Msssnuro

367 1649 447 1723 Quid
470 1666 505 1709 eo
528 1647 596 1709 visi

777 1759 984 1812 Mauanorrnns

608 1857 672 1916 lam
695 1873 749 1933 aps
770 1859 800 1917 te
823 1861 922 1917 metuo
946 1856 983 1918 de
1005 1856 1106 1917 verbis
1128 1857 1195 1917 tuis.

807 1964 964 2018 Massnuro

314 2076 354 2120 ass
367 2061 447 2135 Quid
469 2061 598 2123 metuis‘l

779 2169 986 2224 Msuanonnus

616 2269 662 2328 Ne
685 2267 757 2328 mihi
780 2268 919 2329 damnum
941 2268 972 2329 in
994 2267 1162 2345 Epidamno
1186 2267 1261 2328 duis.

367 2379 415 2438 Tu
438 2396 562 2456 magnus
586 2382 701 2439 amator
722 2380 879 2439 mulierum
901 2397 942 2453 es,
966 2377 1124 2454 Messenio,

368 2491 433 2566 Ego
457 2493 555 2550 autem
578 2490 666 2549 homo
689 2489 860 2565 iraoundus
885 2490 975 2550 animi
997 2489 1122 2567 perditi:

368 2601 404 2661 ld
426 2605 594 2677 utrumque,
619 2606 774 2679 argentum
798 2601 919 2677 quando
942 2601 1069 2677 habebo,
1095 2619 1204 2662 cavero

368 2714 414 2774 Ne
436 2717 469 2774 tu
493 2713 650 2788 delinquas
672 2731 748 2774 neve
771 2731 827 2790 ego
849 2713 964 2774 irasoar
985 2712 1048 2772 tibi.

805 2821 963 2874 Musarum

316 2941 356 2984 aro
370 2919 451 2995 Oape
474 2924 565 2996 atque
588 2937 691 2980 serva:
717 2938 763 2980 me
785 2920 906 2980 lubente
928 2919 1045 2980 feceris.

439 3177 488 3222 266
507 3174 654 3231 ouannnsrl
674 3176 765 3238 querrl
781 3172 826 3224 BG
921 3171 1024 3242 oaussl
1042 3197 1300 3213 ············
1322 3187 1400 3225 nour-

369 3271 497 3309 uurruarro
512 3281 521 3299 ·
535 3280 564 3300 ··
584 3272 744 3309 nrrnansrsrs
760 3256 764 3327 1
782 3272 829 3309 oon
845 3260 891 3309 -A
919 3256 1011 3323 gemel
1027 3262 1102 3310 natro
1126 3259 1282 3323 eprdamnra
1302 3255 1306 3327 Ι
1328 3260 1399 3311 Nam
1497 3282 1501 3285 ’

370 3347 407 3394 rla
425 3341 465 3394 ult
482 3344 532 3393 heo
551 3345 663 3394 homrn'n
679 3340 683 3412 Ι
699 3345 852 3409 Voluptarrr
876 3344 921 3395 BC
1013 3345 1299 3410 Epidamnieisvtderr‘
1316 3349 1399 3395 aenai-

369 3432 486 3480 ootloum
508 3441 563 3479 eoae
580 3431 674 3492 scripsi
697 3434 725 3481 tn
742 3444 809 3481 mos.
830 3432 908 3480 lltea.
930 3433 996 3480 4872
1019 3444 1047 3493 p.
1072 3434 1118 3479 676
1143 3431 1195 3495 ipsi
1214 3431 1400 3496 Epidamnieis

366 3520 475 3578 propter
493 3515 618 3578 desectam
634 3517 699 3566 iol
722 3518 858 3566 condicione
864 3533 873 3575 ;
893 3517 920 3565 in
939 3515 1109 3580 Epidamnlis
1131 3517 1279 3567 llitrolrela'as

371 3605 418 3649 267
438 3613 551 3651 sarusar
570 3600 590 3649 A
609 3614 721 3651 maxrmr
741 3601 786 3652 BC
891 3604 939 3650 262
966 3615 1090 3652 rnoaounr
1108 3602 1129 3651 A
1147 3602 1220 3666 plurr
1239 3603 1284 3653 BC

370 3690 416 3736 266
439 3700 513 3737 unsar
531 3686 551 3735 A
570 3687 640 3735 solor
744 3691 878 3736 runrrunsr
896 3687 916 3735 A
935 3681 1048 3737 rndrtult
1071 3687 1117 3738 BC
1254 3692 1303 3737 262
1328 3701 1400 3737 arun-

368 3785 508 3824 narruonuo
527 3773 547 3822 A
566 3773 620 3822 huc
638 3786 697 3822 sune
716 3772 817 3822 damno
836 3771 882 3822 BC
959 3773 1147 3823 druortrturll
1230 3776 1277 3822 263
1298 3786 1399 3823 sennar

370 3859 476 3908 Amrhr
495 3859 549 3909 huc
568 3858 614 3909 BC
689 3861 737 3907 265
758 3857 995 3931 duissBerooldaa:
1017 3855 1130 3908 drelvel
1148 3854 1203 3907 dul
1276 3863 1324 3908 267
1344 3872 1400 3908 rra-

370 3939 471 3995 oundrl'
486 3944 531 3996 BG
622 3943 718 4008 perciti
738 3944 841 4005 Lipsius
958 3946 1006 3993 268
1030 3942 1138 3994 habebo
1165 3944 1289 4006 Pylades:
1312 3943 1399 3994 habeo

439 4033 488 4079 269
509 4043 613 4091 neuego
634 4029 677 4079 BC
785 4033 833 4078 276
853 4028 964 4078 rubente
984 4029 1028 4078 Bc

781 4186 915 4193 ——--··-.-
929 4186 952 4190 ..ἶ
