3210 4798
365 278 406 339 40
696 273 810 333 44444111
828 275 901 332 Sci
919 279 954 335 V.
970 281 1069 333 ro-ts

365 448 440 509 Boni
463 449 587 511 dedistis
608 452 686 527 plus,
711 452 762 527 qui
784 452 881 515 minus
904 454 1090 531 speraverit?

313 574 353 617 ses
366 560 489 637 Pruudi,
512 562 623 638 potavi,
647 568 777 625 scortum
799 565 935 639 accubui,
960 566 1069 627 abstuli

364 674 461 750 Hauc,
486 674 592 750 quoius
614 673 703 735 beros
724 693 887 751 numquam
909 676 966 737 erit
987 681 1055 754 post
1077 677 1156 740 huuc
1180 678 1266 740 diem.

793 784 968 839 Puurcouus

363 880 489 955 Nequeo
513 898 590 956 quae
613 880 745 956 loquitur
768 881 912 942 exaudire
934 884 1111 944 clanculum.

363 989 452 1051 Satur
472 1009 552 1052 nunc
574 991 706 1068 loquitur
728 991 766 1053 de
788 1010 836 1053 ms
858 997 888 1053 et
910 993 948 1054 de
969 994 1048 1071 parti
1070 1013 1144 1055 mee.

774 1100 989 1155 Masaucsuos

362 1194 416 1255 Ait
438 1194 517 1257 hauc
540 1196 658 1258 dedisse
681 1215 727 1257 me
750 1197 807 1259 sibi
829 1201 921 1274 atque
943 1216 1009 1259 eam
1031 1218 1114 1260 meae

313 1320 352 1362 aro
365 1306 458 1368 Uxori
481 1309 685 1385 surrupuisse;
710 1308 850 1385 quoniam
872 1310 967 1370 sentio

363 1418 484 1493 Errare,
508 1422 666 1497 extemplo,
691 1419 778 1496 quasi
800 1438 851 1513 req
871 1439 938 1482 cum
961 1440 998 1482 es
1020 1427 1098 1483 esset
1120 1422 1200 1497 mihi,

364 1529 455 1607 Coepi
478 1530 644 1592 adsentari:
669 1531 776 1592 mulier
798 1532 943 1609 quicquid
966 1533 1091 1610 dixerat,

362 1641 445 1702 ldem
468 1660 523 1721 ago
546 1643 697 1705 dicebam:
724 1643 797 1720 quid
819 1644 919 1704 multis
941 1645 1041 1705 verbis
1063 1646 1178 1725 opust?

363 1752 477 1814 Minore
499 1771 648 1830 nusquam
670 1756 747 1816 bene
769 1754 813 1815 fui
836 1756 1001 1833 dispendio.

791 1861 964 1918 Pumouuus

310 1971 349 2013 ars
363 1959 463 2021 Adibo
486 1961 526 2021 sd
548 1959 709 2021 homiuem:
734 1978 804 2021 nam
825 1962 947 2021 turbare
970 1960 1073 2037 gestio,

772 2068 987 2123 Muuaucauus

365 2163 438 2238 Quis
460 2164 510 2226 bic
532 2171 586 2240 est,
611 2165 663 2242 qui
686 2165 832 2226 adversus
853 2166 877 2225 it
898 2164 992 2225 mihi?

790 2273 965 2328 hurouuus

994 2360 1149 2433 Quietis,
1173 2359 1259 2421 homo

362 2470 472 2531 Levior
495 2490 585 2548 quem
607 2474 718 2549 pluma,
741 2472 869 2549 pessime
892 2475 923 2531 et
944 2471 1133 2547 nequissime,

362 2582 524 2661 Flagitium
546 2582 682 2655 bominis,
706 2583 831 2644 subdola
854 2601 890 2643 ac
912 2582 1024 2642 minimi
1046 2581 1146 2659 preti?

362 2693 442 2768 Quid
464 2695 502 2756 de
524 2700 554 2756 te
577 2696 680 2771 marui,
705 2714 766 2772 qua
788 2713 834 2755 me
857 2712 949 2755 causa
970 2692 1136 2771 perderes?

310 2820 349 2862 sse
363 2807 404 2867 Ut
425 2808 605 2885 surrupuisti
627 2812 656 2868 te
678 2808 750 2868 mibi
773 2807 885 2869 dudum
908 2806 945 2866 de
967 2804 1040 2880 foro,

362 2918 474 2979 Fecisti
496 2918 586 2980 funus
609 2919 676 2980 med
699 2921 823 2980 absente
844 2917 981 2995 prandio,

364 3028 425 3089 Cur
447 3047 537 3090 susus
560 3029 670 3103 iecore,
696 3030 766 3107 quoi
789 3048 844 3107 ego
866 3046 963 3105 aeque
985 3027 1073 3088 heras
1096 3023 1198 3086 eremi

431 3216 480 3264 444
500 3221 524 3266 ct
543 3217 591 3265 444
611 3218 715 3266 toocrso
732 3217 822 3266 ordine
835 3216 888 3278 BC,
902 3221 971 3266 recte
989 3216 1102 3265 ordinati
1119 3215 1147 3262 io
1163 3215 1218 3262 ced.
1233 3213 1360 3275 dipsieoss'

432 3303 479 3350 444
500 3302 652 3352 Priscianus
669 3305 695 3362 4,
712 3315 740 3364 p.
757 3303 815 3362 444,
835 3304 867 3350 44
887 3301 917 3351 H.
937 3294 1073 3365 ‘prandeo
1095 3298 1203 3363 prandi.
1221 3298 1259 3348 Pl.
1278 3299 1305 3348 in
1324 3297 1392 3347 Meu.

361 3385 476 3451 “prandi
489 3391 513 3437 et
525 3388 628 3451 potavi,
642 3388 765 3437 scortum
779 3380 932 3437 accubui”.'
994 3378 1090 3449 apstuli
1106 3382 1127 3435 G
1196 3386 1244 3433 444
1258 3379 1339 3434 curus
1349 3382 1393 3433 BC

362 3484 557 3545 cuorususuass'
571 3478 596 3523 ct
613 3484 680 3522 usuc
699 3472 719 3523 A
737 3474 809 3522 solus
896 3474 944 3521 444
969 3472 1038 3521 deest
1054 3472 1083 3519 io
1099 3470 1138 3528 A,·
1157 3482 1204 3519 occ
1222 3473 1309 3519 tameo
1324 3472 1393 3518 recte

361 3561 390 3608 it
401 3561 573 3622 mactem
584 3563 702 3621 vocetur,
722 3570 803 3619 oopus
820 3558 873 3608 olio
889 3557 942 3607 ullo
960 3558 1014 3606 loco
1031 3557 1117 3616 opttus
1129 3554 1309 3616 baberipetus‘t

304 3686 307 3695 ,
362 3646 433 3708 parts
455 3642 609 3708 GparteB
714 3645 762 3693 474
782 3644 864 3707 opust
880 3643 979 3692 addidit
992 3642 1104 3704 Putcdcs
1208 3641 1255 3689 474
1275 3640 1393 3689 Donum

361 3731 390 3778 io
409 3728 525 3780 Euocat.
539 3733 564 3791 4,
582 3732 607 3790 4,
621 3732 636 3777 4
650 3721 696 3779 ‘ut
713 3729 747 3779 de
765 3727 900 3792 symbolis
918 3739 1053 3777 essemus:
1074 3726 1112 3777 ΡΙ.
1131 3726 1159 3776 in
1178 3725 1247 3775 Men.
1264 3722 1393 3774 “minore

362 3827 497 3879 nusquam
517 3814 556 3865 fui
576 3811 750 3880 dispendio”.
769 3814 935 3865 sed-melius
957 3825 1079 3863 essemus
1096 3811 1264 3876 productae
1287 3802 1390 3859 littera.²

448 3901 496 3949 474
515 3901 652 3952 aduersus
671 3901 692 3949 it
710 3900 831 3951 Botbius:
852 3896 997 3950 aduersum
1016 3893 1049 3948 sut
1065 3898 1111 3950 BC
1214 3896 1349 3946 Dimmdcs
1366 3896 1391 3952 4,

359 3999 387 4048 p.
400 3989 460 4046 444,
475 3989 506 4035 44
522 3987 552 4037 Κ.
566 3978 719 4037 ‘interdum
731 3986 926 4049 comparativus
939 3984 1109 4035 nominativo
1127 3983 1257 4045 iungitur,
1276 3982 1308 4031 ut
1325 3979 1393 4030 doc-

362 4071 416 4121 tior
434 4073 478 4122 hie
498 4085 581 4135 quam
601 4072 656 4131 iiia,
675 4074 707 4123 ut
724 4071 762 4121 ΡΙ.
781 4072 809 4120 iu
821 4070 891 4120 Men.
903 4068 993 4133 “quid
1012 4070 1052 4119 ais
1136 4060 1266 4132 pluma”.’

364 4159 407 4206 444
430 4157 495 4207 med
513 4156 626 4208 absente
642 4162 701 4220 post
721 4157 879 4208 Sobuuss'wm
897 4156 1017 4206 Botbtcs:
1039 4167 1101 4204 meo
1114 4147 1219 4202 ubieutr
1293 4152 1341 4199 444
1361 4163 1394 4198 aa
