3210 4798
363 265 404 328 56
535 259 603 316 Act.
617 274 649 316 ιν
667 260 712 316 Sc.
727 262 742 312 2
760 260 795 315 V.
807 262 935 313 99-111.
957 261 1001 317 Sc.
1017 263 1032 312 ³
1050 259 1085 315 V.
1102 261 1167 313 1-a

309 451 347 493 666
360 439 438 498 Nam
461 437 578 497 domum
600 456 762 514 numquam
783 436 930 511 introibis,
952 435 1009 497 uisi
1031 435 1110 497 feres
1131 437 1243 513 pallam
1267 436 1363 496 simul.

362 551 406 611 Eo
430 550 558 610 domum.

789 657 965 711 Prmccuus

526 754 605 829 Quid
620 755 692 815 mihi
706 755 838 816 futurum
853 758 907 830 est,
929 753 980 831 qui
995 753 1049 814 tibi
1064 752 1143 815 hanc
1158 771 1281 833 operam
1297 752 1392 815 dedii

812 879 936 934 diuersa

309 990 347 1032 666
363 978 464 1057 Opera
484 978 636 1053 reddetur,
662 977 783 1054 quando
807 976 880 1054 quid
900 976 954 1039 tibi
977 976 1034 1037 erit
1055 980 1226 1054 surruptum
1249 976 1344 1038 domo.

788 1103 964 1156 Prmcmus

360 1202 397 1263 Id
420 1202 539 1280 quidem
563 1202 671 1279 edepol
692 1218 855 1277 numquam
878 1199 948 1260 crit:
973 1219 1042 1261 uam
1056 1199 1131 1261 nihil
1145 1204 1200 1276 est,
1220 1200 1301 1277 quod
1316 1218 1391 1277 per-

979 1312 1056 1388 dam,
1081 1312 1168 1372 domi.

362 1426 435 1486 Cum
457 1425 522 1485 viro
545 1443 612 1485 cum
627 1420 721 1485 uxore
736 1423 766 1484 di
781 1441 836 1485 vos
855 1424 992 1501 perdant.
1023 1425 1196 1501 Properabo
1219 1422 1258 1483 ad
1281 1422 1389 1483 forum.

360 1539 437 1597 Nam
458 1555 497 1603 ex
519 1535 576 1596 hac
599 1535 712 1597 familia
735 1554 781 1596 mc
803 1537 893 1613 plane
916 1534 1064 1596 excidisse
1085 1534 1236 1612 intellego.

765 1661 980 1716 murmuramus

360 1760 438 1820 Male
461 1758 532 1819 mihi
555 1777 630 1819 uxor
653 1777 718 1819 sese
741 1758 848 1820 fecisse
871 1762 982 1833 censet,
1009 1777 1076 1819 cum
1099 1758 1227 1820 exclusit
1247 1758 1343 1819 foras:

308 1891 347 1931 oco
361 1871 453 1944 Quasi
467 1889 528 1932 uon
543 1869 680 1945 habeam,
705 1888 764 1947 quo
783 1869 971 1945 intromittar,
995 1869 1087 1931 alium
1104 1870 1256 1930 meliorem
1278 1870 1388 1931 locum.

361 1982 392 2042 Si
413 1982 467 2043 tibi
490 1982 643 2059 displiceo,
665 1980 851 2059 patiendum,
879 1985 910 2042 at
932 1982 1074 2059 placuero
1096 1981 1166 2043 huic
1189 1981 1301 2057 Erotio,

233 2085 248 2097 ’
361 2093 444 2168 Quae
466 2111 513 2153 me
535 2111 595 2154 uon
618 2092 758 2155 excludet
779 2093 817 2152 ab
841 2110 882 2167 se,
907 2092 961 2152 scd
983 2092 1065 2170 apud
1087 2111 1119 2153 se
1142 2093 1280 2154 occludet
1298 2092 1388 2154 domi.

360 2206 448 2265 Nunc
470 2204 528 2276 ibo,
551 2205 643 2264 orabo
665 2208 698 2264 ut
712 2202 783 2264 mihi
798 2205 910 2280 pallam
925 2203 1042 2280 reddat,
1067 2222 1157 2281 quam
1173 2203 1284 2265 dudum
1300 2204 1388 2279 dedi;

360 2315 461 2375 Aliam
476 2314 520 2374 illi
535 2314 678 2374 redimam
694 2315 851 2374 moliorem.
860 2316 1002 2391 —chs,
1020 2315 1123 2392 ecquis
1137 2314 1186 2376 hic
1202 2321 1248 2376 est
1261 2314 1390 2377 ianitori

309 2445 348 2487 666
362 2425 489 2503 Aperite
511 2429 602 2502 atque
625 2425 759 2485 Erotium
781 2424 890 2501 aliquis
913 2429 1036 2487 evocate
1058 2431 1127 2488 aute
1150 2426 1265 2488 ostium.

361 2767 544 2831 EROTIUM
564 2767 782 2829 MERETRIX.
823 2767 1102 2830 MENAEOHMUS
1123 2769 1388 2831 ADULESCENS

805 2954 946 3008 Eromum

308 3070 346 3111 666
361 3051 434 3124 Quis
456 3049 506 3110 hic
528 3069 574 3111 me
598 3049 737 3128 quaerit?

770 3158 983 3213 Musamcumus

721 3254 783 3316 Sibi
808 3255 944 3316 inimicus
966 3258 1060 3335 magis
1084 3275 1173 3334 quam
1195 3259 1287 3319 aetati
1308 3261 1386 3319 tuae.

806 3381 949 3433 Erosium

360 3478 401 3537 Mi
423 3476 625 3552 Menaechme,
650 3482 795 3539 curante
818 3479 902 3539 aedis
925 3479 1024 3541 astasl
1047 3499 1173 3558 sequere
1195 3482 1283 3541 intro.

461 3754 507 3799 666
527 3752 577 3800 Mu.
596 3750 652 3813 Ego
672 3752 804 3802 domum‘l
822 3753 864 3802 Pr.
884 3754 950 3817 quid
963 3755 994 3813 Β,
1014 3757 1129 3805 corruerit
1148 3755 1252 3804 Bellias

362 3840 409 3886 657
430 3836 487 3896 Qua
505 3836 594 3886 virum
619 3850 673 3899 qua
696 3850 810 3888 uxorem
829 3839 1005 3890 Fucoaalao
1147 3842 1191 3888 666
1215 3840 1254 3889 Dc
1272 3841 1387 3889 oratione

361 3923 393 3984 cf.
411 3926 470 3982 737,
490 3935 539 3983 qao
556 3924 642 3972 micas
661 3924 689 3971 at
706 3924 786 3973 deleri
804 3925 907 3974 delebat
1012 3927 1059 3973 662
1080 3925 1203 3976 occludit
1220 3925 1274 3985 BC,
1294 3924 1389 3976 corrC

431 4046 478 4090 663
495 4002 718 4113 reddqtsdquam
731 4045 752 4093 Β
847 4047 893 4093 666
909 4044 981 4094 Heus
997 4044 1177 4096 Camerarius:
1198 4041 1259 4096 erui
1270 4045 1298 4106 C,
1313 4058 1354 4095 om
1366 4044 1388 4094 Β

430 4123 481 4192 hec
494 4123 556 4190 quii
566 4128 587 4176 Β
601 4126 690 4190 etquis
703 4128 723 4179 0
810 4132 858 4177 666
869 4129 953 4192 uquur
966 4131 986 4179 Β
1073 4134 1121 4179 667
1135 4131 1186 4195 Mer
1197 4130 1219 4180 Β
1231 4130 1384 4194 emisisti
