3210 4798
304 307 323 368 6
747 309 884 379 Prologus

264 501 291 544 ro
304 496 373 555 Non
395 493 560 552 internosse
583 488 685 561 posset
708 502 785 560 quae
807 504 963 547 mammam
985 486 1085 561 dabat,

302 608 409 681 Neque
432 602 508 663 adeo
530 601 624 658 mater
646 598 712 674 ipsa
735 615 812 673 quae
834 598 903 658 illos
925 603 1093 675 pepererat,

302 717 343 777 Ut
366 714 485 792 quidem
507 710 558 769 ille
581 710 655 769 dixit
677 708 758 783 mihi,
783 708 834 784 qui
855 727 966 786 pueros
987 711 1119 770 viderat:

303 828 368 904 Ego
390 827 458 885 illos
481 842 542 886 non
564 823 634 897 vidi,
658 839 696 881 ne
721 821 787 896 quis
809 824 941 881 vostrum
964 826 1094 882 oenseat.

303 940 466 1013 Postquam
487 936 546 996 iam
570 935 656 1011 pueri
678 936 857 1008 septuennes
880 936 957 1007 sunt,
980 938 1067 1009 pater

263 1055 290 1100 ²⁶
303 1047 447 1111 Oneravit
468 1064 574 1109 navem
597 1063 734 1122 magnam
756 1045 856 1104 multis
878 1045 1042 1119 mercibus3

302 1160 422 1237 Inponit
444 1159 593 1236 geminum
615 1158 741 1216 alterum
763 1156 794 1216 in
815 1173 922 1216 navem
944 1160 1039 1232 pater,

301 1272 465 1332 Tarentum
487 1270 587 1330 avexit
609 1286 710 1328 seeum
732 1267 772 1327 ad
794 1256 955 1328 mereatum
977 1267 1073 1343 simul,

302 1384 390 1443 Illum
412 1381 534 1457 reliquit
558 1382 684 1441 alterum
705 1379 786 1456 apud
808 1383 932 1439 matrem
954 1379 1042 1438 domi.

302 1495 425 1555 Tarenti
448 1492 529 1553 ludei
551 1491 628 1552 forte
651 1494 745 1564 erant,
769 1508 836 1550 oum
858 1489 929 1550 illuo
952 1490 1041 1551 venit.

263 1614 289 1656 ³⁰
302 1606 443 1666 Mortales
466 1604 560 1679 multi,
585 1607 618 1663 ut
640 1603 679 1663 ad
702 1602 798 1677 ludos,
823 1605 1041 1662 eonvenerant2

300 1718 380 1776 Puer
401 1717 479 1776 inter
500 1714 635 1775 homines
658 1714 810 1775 aberravit
832 1732 850 1773 a
872 1717 966 1790 patre.

302 1828 542 1904 Epidamniensis
566 1827 688 1903 quidam
710 1826 751 1886 ibi
773 1830 921 1885 mereator
942 1825 1010 1886 fuit:

300 1941 330 1999 Is
352 1958 477 2017 puerum
498 1940 577 2000 tollit
600 1937 760 2014 avehitque
783 1936 1002 2013 Epidamnium.

300 2052 391 2110 Pater
412 2052 475 2112 eius
499 2054 598 2112 autem
620 2053 779 2125 postquam
801 2065 926 2125 puerum
948 2048 1087 2125 perdidit,

262 2167 287 2209 ³⁵
300 2162 440 2222 Animum
464 2160 624 2238 despondit
646 2177 742 2235 eaque
764 2160 790 2219 is
813 2159 999 2236 aegritudine

300 2273 408 2332 Pauois
431 2272 535 2334 diebus
558 2275 627 2348 post
648 2271 771 2331 Tarenti
794 2273 967 2331 emortunst.

299 2384 462 2460 Postquam
485 2384 651 2461 Syracusas
675 2381 712 2442 de
735 2400 773 2442 ea
793 2400 826 2442 re
849 2381 937 2441 rediit
958 2381 1078 2442 nuntius

298 2495 350 2554 Ad
373 2513 460 2557 avom
482 2511 653 2572 puerorum,
677 2510 802 2568 puerum
825 2495 995 2569 surruptum
1018 2494 1153 2568 alterum,

298 2607 478 2683 Patremque
501 2606 587 2683 pueri
608 2605 733 2665 Tarenti
754 2622 819 2665 esse
842 2607 1014 2682 emortuom,

260 2718 438 2778 ⁴⁰Immntat
459 2735 567 2779 nomen
590 2734 663 2776 avos
685 2715 754 2776 huie
777 2715 894 2793 gemino
917 2717 1018 2775 alteri:

271 2844 274 2849 ’
300 2830 347 2889 Ita
368 2829 451 2890 illum
474 2829 578 2890 dilexit
601 2828 653 2904 qui
675 2828 850 2905 subruptnst
872 2828 1014 2888 alterum:

298 2941 383 3001 Illius
406 2958 513 3001 nomen
534 2941 610 3001 indit
631 2939 676 3000 illi
699 2941 750 3015 qni
773 2938 853 3000 domi
875 2942 929 3013 eat,

264 3058 267 3067 “
292 3051 503 3128 Menaechmo,
526 3052 605 3112 idem
629 3051 711 3128 quod
734 3050 821 3111 alteri
841 3068 950 3112 nomen
971 3050 1042 3110 fuit:

299 3163 338 3221 ut
361 3163 445 3240 ipsus
468 3163 573 3227 eodem
596 3167 641 3223 est
663 3180 737 3223 avus
759 3165 883 3223 voratus
906 3163 1032 3223 nomine.

260 3279 287 3321 4⁵
299 3275 464 3350 Propterea
484 3273 564 3334 illius
586 3292 694 3346 nomen
716 3274 836 3334 memini
856 3272 984 3345 iaoilius,

300 3464 504 3472 Μ*-

299 3582 354 3632 dioi
371 3582 477 3632 volunt.
506 3581 616 3635 Plautus
635 3582 800 3632 Meneohmis
818 3578 873 3631 “ita
891 3580 978 3632 torma
996 3580 1080 3630 simili
1098 3582 1175 3645 pueri
1193 3586 1221 3630 ut
1239 3582 1326 3630 mater

301 3704 307 3717 .
324 3706 330 3717 .
346 3705 352 3718 .
366 3663 542 3734 pepererat”.'
565 3669 634 3718 [dou
642 3683 671 3731 p.
684 3670 743 3728 443,
758 3672 785 3717 44
799 3661 899 3717 ‘mater
917 3666 1065 3730 aliquando
1083 3679 1133 3731 pro
1152 3668 1258 3718 nutrice
1273 3679 1324 3732 po-

298 3754 390 3805 nitur.
404 3754 461 3806 .Pl.
480 3755 551 3805 Men.
564 3751 620 3805 “ita
637 3751 726 3804 torma
744 3753 827 3803 simili
845 3752 923 3817 pueri
941 3757 970 3802 ut
987 3753 1076 3802 mater
1090 3788 1113 3802 ..
1128 3789 1134 3802 .
1147 3746 1322 3817 pepererat”.’

366 3843 398 3888 25
422 3839 557 3890 naurmll
629 3840 657 3887 44
682 3837 739 3901 [ibi]
760 3837 899 3889 aberravit
916 3838 1067 3888 Ritachelius
1138 3840 1169 3887 83
1194 3837 1325 3902 Epidam-

298 3939 365 3976 num
383 3938 447 3975 eum
465 3925 607 3988 Seyffertus
626 3924 716 3973 Philet.
737 3927 780 3984 25,
796 3925 840 3973 444
938 3926 970 3972 35
995 3935 1081 3987 eaque
1099 3925 1122 3974 is
1144 3924 1324 3975 Camerarius:

299 4024 332 4060 ea
350 4007 412 4075 quis
479 4013 510 4059 4ο
529 4011 637 4073 gemino
655 4022 755 4059 nomen
774 4022 840 4060 avos
858 4010 923 4059 huic
939 4010 1091 4060 Rttscheltut
1162 4011 1203 4059 ts.
1219 4010 1248 4055 43
1267 4009 1326 4057 Vide

298 4109 364 4158 quoe
381 4098 412 4146 de
426 4097 465 4146 dis
476 4096 593 4146 uorsibus
611 4100 639 4145 et
655 4096 686 4144 de
702 4097 780 4146 totius
793 4083 895 4159 proloqu·
909 4097 1010 4145 rationo
1021 4097 1115 4159 tertpat
1126 4098 1153 4145 a'u
1165 4102 1232 4144 mus.
1248 4094 1325 4142 Rhea.

299 4184 365 4230 4844
381 4196 409 4244 p.
425 4183 473 4230 444
564 4182 594 4230 tt
611 4182 711 4232 Nonius
726 4195 753 4243 p.
772 4182 830 4240 499,
846 4171 1074 4235 ³⁰‘aoousativus
1086 4194 1136 4245 pro
1149 4179 1268 4242 genitivo
