3210 4798
361 308 400 372 18
689 310 757 366 Aet
772 325 784 364 1
800 311 846 367 88.
860 316 876 366 3
894 314 931 368 V.
944 315 1030 366 4-48

786 485 962 539 mounes

308 577 443 637 roaldem
464 578 541 639 istnc
563 580 630 640 aliis
651 580 843 658 adscriptivis
864 583 929 643 fieri
952 584 992 644 ad
1013 585 1161 661 legionem
1184 587 1269 645 solet.

765 690 982 746 llnuancnmus

360 784 426 860 Ego
448 785 516 844 istie
537 785 609 846 mibi
630 785 722 847 hodie
743 788 887 866 adparari
907 790 1011 850 iussim
1032 790 1116 867 apud
1136 796 1167 851 te
1188 791 1344 867 proelium.

805 896 950 951 Eronos

312 998 349 1038 ¹⁸⁵
363 989 461 1049 Hodie
483 990 515 1049 id
537 990 596 1051 4484.

773 1103 980 1157 ursmarus

610 1199 647 1258 ln
668 1215 705 1257 eo
727 1203 854 1276 uterque
878 1201 994 1276 proelio
1016 1202 1194 1278 potabimus.

363 1307 437 1366 l'ter
459 1307 501 1367 ibi
523 1309 628 1369 melior
650 1309 778 1370 bellator
800 1311 857 1371 erit
878 1312 1017 1372 inventus
1039 1314 1195 1385 cantharo,

313 1426 349 1466 ¹⁸⁷
363 1418 455 1478 Tuelt
476 1420 555 1496 legio
579 1420 761 1495 adiudicato,
785 1441 852 1482 enm
874 1428 942 1483 utro
964 1423 1043 1484 hano
1065 1430 1183 1484 noetem
1206 1425 1274 1484 sies.

364 1530 404 1589 Ut
426 1548 483 1608 ego
504 1549 638 1630 uxorem,
661 1550 728 1592 mea
749 1532 899 1609 voluptas,
923 1535 975 1595 ubi
996 1542 1027 1596 te
1049 1536 1173 1612 aspicio,
1194 1536 1245 1596 odi
1267 1537 1354 1596 male.

808 1668 953 1720 Erorwu

364 1780 487 1839 Interim
510 1781 617 1857 nequis
640 1782 713 1857 quin
736 1782 800 1842 eius
823 1784 939 1859 aliquid
961 1784 1082 1844 indutus
1105 1783 1173 1844 sies.

314 1906 352 1946 rso
366 1891 446 1964 Quid
467 1891 526 1952 hoe
548 1891 614 1952 eut

773 2002 989 2058 Mmrnonus

659 2115 805 2176 Induviae
827 2122 897 2177 tuae
920 2123 1012 2194 atque
1033 2118 1137 2179 uxoris
1158 2116 1295 2189 exuviae,
1319 2132 1399 2175 rosa

808 2224 952 2279 Enormi(

370 2320 501 2396 Superas
523 2319 631 2389 laeile,
661 2325 695 2380 ut
725 2322 862 2397 superior
891 2323 931 2382 sis
959 2322 1031 2382 mihi
1054 2340 1144 2398 quam
1167 2323 1325 2398 qnisquam
1348 2321 1402 2396 qui

987 2434 1155 2509 impetrant

799 2540 974 2595 Pmmcunus

319 2668 357 2709 444
370 2655 513 2713 Meretrix
534 2655 681 2730 tantisper
702 2655 870 2727 blanditur,
894 2655 964 2715 dnm
986 2655 1063 2714 illnd
1086 2655 1168 2731 quod
1189 2655 1287 2731 rapiat
1306 2654 1398 2713 videt

371 2767 449 2826 Nam
472 2766 498 2825 si
520 2766 652 2840 amabas,
675 2766 735 2825 iam
757 2767 916 2842 oportebat
938 2785 1043 2827 nasum
1065 2769 1222 2843 abreptum
1240 2766 1399 2827 mordiens.

777 2891 993 2946 8888888888

372 3006 491 3065 Sustine
513 3005 581 3079 boo,
604 3006 762 3067 Penioule:
787 3008 911 3067 exuvias
933 3008 1034 3066 faeere
1057 3024 1133 3082 quas
1155 3006 1226 3067 vovi
1248 3008 1327 3068 volo.

444 3300 490 3344 488
515 3297 598 3344 Varro
615 3297 646 3344 88
663 3296 753 3358 liopuo
771 3297 853 3345 4844448
871 3300 896 3353 4,
916 3300 958 3353 58,
979 3310 1007 3358 p.
1023 3298 1071 3343 844
1099 3295 1144 3357 Sp.
1160 3288 1201 3345 ‘iu
1221 3296 1400 3346 Menaechmis

373 3379 464 3431 “idem
484 3419 490 3429 .
509 3419 514 3430 .
533 3419 538 3429 .
559 3383 618 3444 fleri
634 3383 670 3430 88
694 3381 729 3440 (in
749 3381 845 3442 flunt)
870 3381 996 3444 topiorum
1019 3377 1113 3430 solet”.
1152 3382 1312 3445 adscriptivi
1336 3380 1402 3432 84844

374 3468 450 3532 quod
474 3466 541 3516 olim
565 3465 797 3516 adscribebantur
820 3466 938 3516 inermes
956 3467 1069 3516 armatis
1086 3466 1222 3516 militibus
1240 3468 1288 3530 qui
1306 3480 1404 3516 sucee-

375 3555 471 3604 dereut
487 3553 512 3602 si
530 3553 592 3616 quis
610 3564 707 3601 eorum
725 3547 892 3616 deperisset?
957 3551 993 3602 88
1012 3552 1146 3614 legionem
1164 3552 1222 3601 lieri
1241 3554 1329 3602 Plauti
1346 3554 1406 3602 ltbn'

445 3641 493 3688 484
513 3638 610 3688 iussim
625 3638 768 3688 Acidaliae:
791 3632 852 3688 48444
947 3642 995 3686 488
1008 3637 1055 3686 4484
1071 3637 1212 3687 4444448448
1232 3638 1279 3687 4484
1291 3637 1336 3687 BC

376 3761 481 3825 proelio
496 3758 625 3822 Soollper:
646 3771 697 3823 pro
716 3758 763 3807 4448
777 3757 846 3816 4444Α
909 3762 956 3806 484
976 3715 1055 3807 48844
1073 3758 1095 3806 B
1112 3770 1173 3806 corr
1254 3759 1327 3808 Tuus
1345 3758 1400 3804 est:

377 3847 459 3908 legito
477 3855 510 3894 88
529 3844 650 3893 48848848
669 3846 765 3892 conieci
783 3845 857 3901 olion
876 3843 933 3892 Tua
945 3844 1013 3892 haee
1025 3845 1067 3891 est
1079 3842 1163 3904 legio:
1179 3843 1337 3892 8848848848
1350 3840 1404 3886 Pa-

376 3944 437 3982 reor
515 3932 613 3979 utroue
632 3929 817 3987 4488488888,
836 3929 917 3979 84488
938 3929 1088 3979 4848484484
1175 3931 1222 3976 4844
1241 3928 1327 3975 4848444
1345 3935 1405 3971 corr

379 4017 474 4067 induta
494 4016 538 4080 B*
592 4017 646 4064 sies
665 4015 789 4076 Pplodes:
811 4011 845 4064 sil
925 4017 972 4061 483
994 4015 1095 4063 Nom'os
1110 4026 1138 4076 p.
1161 4016 1220 4071 488,
1241 4015 1267 4058 84
1286 4001 1405 4057 ‘mordi-

378 4115 442 4154 ens.
454 4141 459 4152 .
471 4102 509 4151 Pl.
524 4102 594 4151 44844.
609 4098 776 4151 “iamdudmn
794 4102 905 4163 oportuit
923 4112 1020 4149 nasum
1036 4101 1157 4161 adeptum
1170 4098 1336 4160 <ademptum
1349 4095 1404 4155 888)

378 4181 552 4238 mordicus”.'
637 4188 685 4235 494
705 4200 773 4250 quas
791 4187 855 4235 vovi
873 4186 936 4235 volo
958 4185 1144 4251 camerarium
1159 4176 1229 4246 quas
1243 4178 1292 4231 luo
1310 4178 1407 4229 848848
