3210 4798
393 288 434 349 64
729 285 793 341 Aet.
807 302 824 340 v
843 287 887 342 Sc.
901 290 916 340 2
935 288 968 343 V.
982 289 1083 341 28-38

339 475 378 516 rro
391 460 501 521 Neseio
526 461 598 536 quid
620 479 674 522 vos
697 461 812 522 velitati
834 461 904 522 estis
926 461 1004 523 inter
1026 480 1080 524 vos
1103 462 1172 524 duo.

391 572 540 648 Loquere,
564 578 631 633 uter
652 574 800 634 meruistis
809 573 955 649 eulpam,
979 573 1092 649 perrois,
1117 591 1177 634 uon
1199 576 1304 654 longos
1326 579 1422 655 logos.

829 714 983 769 Muruous

390 847 545 923 Nusquam
574 846 713 923 equidem
741 847 901 923 quiequam
925 846 1052 923 deliqui:
1084 846 1140 908 hoe
1163 848 1290 926 primum
1312 855 1341 909 te
1366 852 1426 910 sb-

1050 960 1144 1035 solvo,
1168 964 1262 1037 puter.

389 1069 500 1129 Verum
522 1070 622 1131 vivere
645 1069 694 1131 hio
716 1089 774 1131 uon
797 1089 918 1149 possum
942 1089 1040 1148 neque
1064 1070 1172 1132 durure
1196 1072 1257 1131 ullo
1281 1073 1386 1133 modo:

337 1186 375 1227 ⁷⁷⁴
389 1181 480 1242 Proin
502 1185 534 1242 tu
557 1200 602 1243 me
625 1180 695 1242 hine
718 1181 861 1243 abducas.

854 1325 956 1381 Srusx

864 1457 943 1531 Quid
965 1458 1041 1519 istuo
1065 1463 1163 1518 eutem
1186 1456 1252 1518 esti
1341 1501 1347 1512 .

828 1599 980 1654 Messores

1142 1697 1297 1769 Ludibrio,
1321 1704 1420 1775 peter,

335 1814 373 1855 ²⁷⁵
387 1809 518 1869 Hebeor.

848 1916 950 1971 Surus

521 2012 628 2074 Undei

827 2119 979 2175 Musaeus

633 2237 682 2296 Ab
705 2236 767 2311 illo,
793 2235 864 2312 quoi
886 2255 931 2296 me
955 2235 1143 2309 mundavisti,
1167 2254 1232 2297 mee
1255 2238 1329 2297 viro.

848 2377 950 2433 Surus

333 2526 371 2567 rue
385 2511 464 2570 Eece
488 2514 586 2569 autem
608 2508 741 2585 litigium.
767 2509 905 2586 quotiens
928 2510 1048 2572 tandem
1070 2511 1151 2572 edixi
1173 2512 1233 2585 tibi,

384 2622 425 2682 Ut
447 2638 578 2695 caveres,
602 2638 640 2681 ne
663 2625 729 2681 uter
751 2621 790 2681 ud
813 2639 859 2681 me
881 2620 963 2682 iretis
986 2640 1053 2684 oum
1076 2621 1280 2699 querimonis?

822 2763 975 2817 murreus

383 2897 441 2972 Qui
465 2914 521 2974 ego
543 2896 629 2970 istue,
653 2894 692 2954 mi
715 2899 809 2972 puter,
834 2913 941 2956 cavere
964 2894 1107 2972 pessumi

847 3037 949 3093 Suuux

1107 3135 1176 3195 Men
1198 3134 1386 3213 interroges?

332 3262 370 3303 rro
384 3246 450 3307 Nisi
464 3264 525 3306 non
540 3245 594 3306 vis.
629 3244 773 3319 Quotiens
788 3245 951 3306 monstravi
967 3246 1029 3319 tibi,
1046 3245 1111 3306 viro
1133 3250 1291 3306 utmorem
1313 3264 1411 3323 geres,

384 3357 463 3432 Quid
477 3357 529 3417 ille
544 3356 644 3431 faeiat,
668 3376 705 3418 ne
727 3357 759 3416 id
780 3358 931 3431 observes,
957 3375 1016 3433 quo
1032 3362 1089 3431 eet,
1115 3357 1187 3432 quid
1203 3375 1301 3418 rerum
1316 3363 1411 3435 gerat.

384 3537 588 3546 ——.--—-

452 3651 500 3696 770
522 3647 622 3697 Neuius
637 3659 665 3709 p.
684 3650 709 3707 3,
729 3650 743 3696 5
762 3639 897 3698 ‘velitatio
917 3648 1019 3699 dieitur
1037 3648 1104 3698 levis
1122 3647 1261 3698 contentio
1280 3684 1285 3696 .
1306 3685 1311 3696 .
1331 3647 1411 3697 Pluu-

382 3735 426 3783 tus
446 3771 452 3782 .
472 3771 477 3782 .
497 3733 570 3784 idem
589 3732 657 3782 Men.
676 3730 790 3784 “neseio
809 3734 877 3797 quid
899 3748 945 3784 ves
961 3735 1061 3784 velitati
1079 3733 1144 3783 estis
1163 3733 1299 3782 intervos
1318 3727 1407 3783 due”.'

383 3819 480 3869 Paulus
490 3833 524 3868 eu
532 3819 605 3868 Festo
612 3831 639 3880 ρ.
648 3821 707 3878 369,
716 3821 730 3866 7
740 3819 775 3869 Μ.
784 3810 919 3868 ‘velitatio
933 3819 1007 3869 dieta
1019 3820 1061 3869 esi
1072 3817 1145 3869 ultro
1158 3819 1281 3881 citroque
1293 3818 1411 3883 probro-

381 3917 443 3954 rum
462 3903 610 3955 obiectetio
630 3942 635 3954 .
655 3942 661 3953 .
680 3904 792 3955 Plautus
811 3903 925 3955 “nescio
944 3904 1012 3969 quid
1028 3905 1127 3954 velitati
1145 3905 1211 3953 estis
1230 3905 1300 3953 inter
1317 3898 1407 3954 vos”.’

450 3985 503 4040 uos
517 3989 611 4053 uslustr
626 3986 712 4041 Buoi
731 3989 850 4040 uelutrC
936 3985 1007 4040 duos
1017 3990 1103 4041 Plauti
1121 3990 1180 4039 libri
1267 3991 1312 4036 777
1329 4001 1410 4052 pauor

382 4074 436 4134 ΒΟ,
456 4077 516 4126 olim
534 4081 678 4126 correctum
772 4073 847 4140 logos
862 4077 923 4126 olim
940 4081 1098 4127 correctum:
1119 4071 1196 4125 locos
1291 4077 1340 4122 772
1360 4073 1410 4123 ab·

382 4155 456 4209 solue
477 4161 497 4209 B
626 4165 675 4210 773
695 4164 739 4212 hre
757 4175 853 4213 uiuere
872 4162 893 4211 Β
911 4162 981 4211 solus
1120 4164 1169 4209 778
1189 4173 1237 4223 ego
1255 4173 1296 4209 om
1312 4159 1331 4210 0
1341 4161 1411 4209 selus
