3210 4798
375 300 416 364 30
590 298 655 356 Act.
669 315 693 356 11
711 299 787 357 Sel
806 301 841 357 V.
855 304 968 359 63—75.
989 301 1064 359 Sal
1084 252 1125 361 Vi
1136 307 1201 357 1-2

828 475 983 531 unssnmo

323 574 361 615 ³³⁶
375 569 495 631 Minime
518 571 620 632 hercle
644 573 764 634 mirum:
790 591 901 633 morem
924 572 1003 634 hunc
1026 576 1198 637 meretrices
1220 575 1347 635 habent:

374 680 425 741 Ad
447 686 567 758 portum
590 685 709 744 mittunt
731 686 866 745 servolos
888 687 1062 746 ancillulas:

375 793 406 852 Si
422 811 507 868 squae
530 796 691 872 peregrina
712 797 798 856 navis
821 796 851 857 in
874 802 994 874 portum
1016 797 1148 870 advenit,

375 904 517 981 Rogitant
539 906 645 967 cuiatis
669 907 715 981 sit,
741 907 814 984 quid
837 907 864 968 ei
886 927 992 969 nornen
1017 909 1088 968 siet:

375 1017 499 1077 Postilla
522 1019 671 1094 extemplo
695 1036 726 1079 se
750 1020 905 1095 applicant
927 1019 1131 1096 agglutinant3

324 1135 361 1176 ³⁴⁰
376 1127 406 1187 si
428 1128 626 1204 pellexerunt,
650 1131 800 1206 perditum
822 1131 961 1191 amittunt
983 1130 1111 1191 domurn.

375 1240 462 1299 Nunc
485 1240 516 1299 in
538 1241 613 1301 istoc
636 1245 725 1317 portu
748 1246 807 1302 stat
829 1242 913 1303 navis
936 1241 1137 1318 praedatoria.

375 1352 441 1426 Aps
465 1369 525 1427 qua
548 1352 714 1412 cavendum
736 1354 823 1414 nobis
846 1371 918 1414 sane
942 1371 1058 1414 censeo.

788 1462 1002 1517 Munnncnuus

375 1557 478 1616 Mones
503 1557 623 1633 quidem
646 1556 747 1619 hercle
769 1563 860 1621 recte.

813 1667 969 1723 Massnrno

862 1767 940 1827 Tum
963 1766 1079 1826 demum
1103 1766 1194 1826 seiam

375 1874 468 1935 Recte
490 1877 649 1951 monuisse,
673 1877 699 1938 si
720 1882 753 1939 tu
775 1884 857 1939 recte
880 1879 1004 1939 caveris.

787 1985 1002 2042 linunncuuns

325 2098 363 2139 aas
376 2080 459 2141 Tace
482 2081 552 2142 dum
574 2100 751 2161 parumper:
775 2103 844 2144 nam
867 2084 1042 2161 concrepuit
1064 2084 1180 2144 ostium.

376 2190 545 2268 Videamus,
571 2195 622 2270 qui
645 2193 714 2255 hinc
737 2196 898 2273 egreditur.

813 2303 969 2356 Mnssnruo

707 2466 713 2477 ,
899 2401 965 2461 Hoc
988 2418 1097 2476 ponam
1120 2400 1245 2461 interim.

378 2505 578 2569 Adservatote
602 2508 677 2569 haec
701 2510 727 2569 si
747 2511 846 2585 voltis,
869 2511 993 2571 navales
1015 2510 1118 2588 pedes.

790 2718 996 2725 ——--——--—-

388 2901 569 2964 ERO'I'IUM
599 2905 762 2966 MULIER.
813 2906 1093 2968 MENAEOHMUS
1122 2907 1395 2968 ADULESCENS.

701 3017 901 3079 MESSENIO
925 3018 1074 3078 SERVUS

822 3185 964 3239 Enonrun

325 3300 363 3341 aas
378 3280 447 3340 Sine
469 3280 549 3342 fores
572 3282 625 3355 sic,
650 3282 713 3342 abi:
738 3284 808 3342 nelo
832 3283 951 3359 operiri.

377 3395 461 3453 Intus
483 3411 567 3470 para,
592 3410 674 3468 cura,
698 3393 777 3469 vide,
802 3394 884 3469 quod
907 3398 996 3470 opust
1018 3394 1085 3453 fiat:

378 3581 480 3642 lipsius
584 3584 631 3629 337
652 3582 679 3630 Sr
699 3595 752 3646 qua
763 3583 785 3631 B
797 3595 857 3631 corr
869 3583 922 3631 Sed
936 3595 989 3646 qua
1004 3583 1069 3644 Bpr
1088 3580 1141 3631 Sed
1157 3594 1221 3645 quia
1237 3582 1339 3646 Cquec
1352 3583 1407 3633 liit-

377 3667 486 3717 sctcliuc
565 3670 613 3716 838
634 3666 784 3718 Priscianus
799 3670 839 3726 ti,
856 3681 884 3729 p.
899 3670 957 3727 tii,
970 3665 1001 3715 49
1020 3667 1052 3718 H.
1068 3659 1168 3725 ‘cuias
1189 3667 1268 3716 cuius
1281 3668 1407 3717 nomina·

378 3753 465 3802 tivum
479 3753 560 3802 ctiam
574 3750 673 3802 cuiatis
687 3752 827 3801 communi
839 3765 936 3815 genere
950 3753 1055 3816 antiqui
1067 3751 1253 3816 proterebant.
1269 3752 1406 3802 Plautus..

378 3839 451 3888 idem
464 3839 492 3888 in
505 3835 688 3888 Menaechmis
700 3837 839 3900 “Ropitont
858 3838 956 3888 cuiatis
975 3838 1011 3887 sit
1027 3842 1073 3887 cat
1090 3849 1139 3898 pao
1158 3850 1192 3886 ex
1209 3830 1335 3899 oppium?

378 3924 516 3987 RogantB
583 3901 685 3987 quien
756 3926 803 3972 339
818 3923 928 3973 Postilla
941 3922 1076 3987 extemplo
1093 3922 1246 3972 Gulielmius:
1268 3921 1327 3972 Poit
1345 3921 1407 3972 illae

379 4011 544 4075 extemploli
556 4006 618 4061 Post
630 4011 675 4060 rlle
688 4009 823 4073 extemplo
839 4009 859 4059 0
915 4013 964 4059 cto
978 4010 1042 4058 hine
1055 4010 1177 4058 creditur
1189 4009 1211 4057 B
1220 4021 1264 4070 pr,
1277 4007 1305 4067 C,
1320 4008 1407 4057 corrfl

448 4100 496 4145 att
516 4096 595 4147 sultis
616 4097 726 4159 Pyladea
822 4097 922 4145 Nonius
937 4109 966 4157 p.
981 4097 1040 4155 itt,
1061 4098 1092 4143 3⁰
1108 4087 1250 4144 ‘revocare
1268 4093 1406 4156 pedem..

378 4182 460 4231 etiam
474 4181 621 4232 fluviorum
635 4182 690 4232 dici
702 4194 783 4246 posse
796 4220 818 4233 ..
834 4184 861 4231 et
871 4182 982 4232 Plautus
994 4194 1085 4233 remos
1098 4183 1209 4231 navium
1221 4178 1305 4244 pedes
1319 4173 1403 4230 dixit?
