3210 4798
366 244 405 304 441
700 239 766 296 Act.
781 253 793 293 1
810 238 857 295 Sc.
875 242 886 292 1
906 240 943 296 V.
960 242 1060 293 14-33

326 416 446 475 34113444
467 418 500 475 444
521 416 565 475 1114
588 416 670 493 quod
692 416 754 477 edit
777 419 807 476 et
830 416 912 492 quod
934 419 1018 493 potet
1039 417 1186 493 praebeas

367 527 427 588 Suo
450 527 596 587 arbitratu
618 526 763 587 adfatim
785 527 916 601 cottidie,

366 640 537 715 Numquam
559 638 667 715 edepol
688 636 739 720 [te]
762 639 865 716 fugiet,
889 642 950 698 tam
972 638 1028 699 etsi
1050 639 1161 716 capital
1183 638 1300 700 iecerit:

368 750 471 811 Facile
493 750 678 825 adservatis,
702 750 772 810 dum
794 768 830 811 eo
852 750 952 810 vinclo
975 750 1097 811 vincies.

367 863 415 922 lta
435 862 529 922 istaec
551 861 637 921 nimis
659 862 741 922 lenta
762 862 864 922 vincla
887 865 956 921 sunt
978 862 1108 922 escsris:

333 987 361 1028 34
374 972 469 1046 Quam
491 972 585 1050 magis
607 973 761 1047 extendas,
783 976 867 1033 tanto
890 973 1079 1051 adstringunt
1100 974 1202 1034 srtius.

365 1090 442 1149 Nam
464 1103 520 1163 ego
543 1084 583 1145 ed
604 1084 831 1145 Menaechmum
852 1083 933 1145 hunc
955 1102 1000 1159 eo,
1026 1103 1085 1161 quo
1108 1086 1167 1146 ism
1190 1086 1240 1146 diu

366 1199 437 1260 Sum
458 1197 616 1271 iudicatus,
639 1196 718 1258 ultro
741 1214 787 1270 eo,
810 1199 843 1258 ut
865 1213 911 1257 me
933 1195 1054 1266 vinciat.

365 1312 443 1371 Nam
463 1308 526 1369 illic
547 1308 636 1369 homo
658 1307 794 1368 homines
816 1325 877 1367 non
900 1307 954 1367 alit
978 1326 1082 1385 uerum
1104 1308 1213 1368 educat

366 1423 570 1496 Recrestque:
595 1420 695 1479 nullus
717 1419 824 1479 melius
846 1419 1024 1478 medicinam
1046 1418 1126 1479 iacit.

316 1534 416 1595 roolta
437 1536 483 1593 est
504 1532 697 1592 adulescens:
722 1531 805 1607 ipsus
827 1548 915 1591 escae
939 1530 1083 1590 maximae

369 1644 494 1706 Cerialis
516 1660 606 1704 cenes
629 1642 690 1717 dat,
713 1643 756 1703 ita
778 1660 911 1703 mensam
933 1641 1051 1715 extruit,

367 1757 482 1817 Tantas
505 1754 630 1815 struices
652 1755 812 1815 concinnet
833 1753 1011 1830 patinarias:

369 1866 542 1928 standumst
563 1867 594 1926 in
616 1867 703 1941 lecto,
728 1866 754 1926 si
777 1865 850 1942 qnid
873 1864 911 1925 de
934 1882 1046 1924 summo
1068 1868 1163 1941 petas.

368 1978 428 2040 Sed
450 1978 490 2038 mi
511 1978 701 2038 intervallum
722 1978 781 2038 iam
803 1977 859 2037 hos
882 1975 946 2036 dies
969 1977 1077 2036 multos
1098 1976 1168 2036 init:

317 2107 355 2148 433
368 2089 456 2151 Domi
479 2089 607 2150 domitus
630 2107 695 2150 sum
717 2107 813 2165 usque
836 2106 904 2149 34444
926 2087 1022 2148 corcis
1044 2088 1132 2149 meis:

370 2392 492 2440 monum,
512 2380 546 2429 34.
565 2379 674 2428 1334334443
692 2378 803 2443 83431443
820 2383 926 2429 auclore
1006 2381 1038 2427 33
1057 2347 1154 2429 edite
1235 2381 1263 2428 34
1288 2377 1393 2443 [usque]

369 2466 405 2517 ed
423 2464 499 2516 istim
519 2465 669 2515 llitsclsols'us
687 2464 747 2513 olim
764 2465 821 2517 coll.
844 2465 920 2515 Poto.
942 2467 967 2539 3,
983 2467 1007 2523 l,
1023 2466 1068 2523 34;
1087 2464 1155 2514 idom
1169 2470 1260 2527 posteo
1278 2464 1396 2515 arbitre-

369 2551 418 2602 tud
437 2549 511 2613 (lico.
527 2551 612 2600 Ploot.
626 2552 636 2598 4
657 2563 685 2613 p.
702 2545 811 2615 3313334
823 2550 1007 2600 Bocotelcrom
1024 2550 1055 2599 443
1072 2550 1119 2600 too
1135 2563 1229 2615 333333
1246 2554 1315 2601 omos·
1329 2566 1397 2615 pro-

370 2637 460 2687 dooler
475 2637 633 2686 iudicantem
650 2636 681 2685 413
698 2636 761 2685 41331.
781 2636 826 2685 434.
844 2648 872 2698 p.
888 2635 919 2685 43
1020 2637 1052 2684 33
1070 2634 1169 2700 edepol
1187 2634 1271 2699 lugiet
1288 2639 1397 2688 tametsi

370 2741 494 2803 Pplodos:
515 2739 613 2804 edepol
631 2741 657 2789 te
670 2737 755 2802 lugiet
773 2752 827 2788 43444
846 2738 873 2787 34
885 2729 904 2785 44
920 2735 940 2787 C
956 2737 1055 2804 edepol
1073 2740 1100 2788 te
1117 2738 1174 2802 iugi
1186 2713 1295 2790 &⁹t1um
1307 2737 1332 2791 ds
1343 2735 1363 2791 44
1377 2740 1399 2790 Β

439 2825 540 2875 Nonius
555 2837 583 2887 p.
600 2828 642 2885 38,
658 2816 811 2889 lt‘cspitsl
826 2861 832 2874 .
847 2861 853 2874 .
868 2823 992 2874 31144344.
1010 2818 1178 2888 “numquam
1195 2826 1279 2876 hercle
1297 2827 1399 2890 34433434

369 2914 471 2963 tametsi
484 2910 583 2976 capital
596 2905 725 2961 iecerit”.’
810 2912 841 2958 33
854 2909 968 2960 4444434413
987 2909 1009 2959 Β
1085 2912 1116 2958 34
1131 2910 1232 2959 Noctua
1247 2924 1276 2973 p.
1292 2915 1352 2972 448,
1366 2915 1397 2960 34

366 2990 516 3047 ‘escarium
537 2996 625 3047 ..Pl
645 2996 716 3047 lien.
739 2990 793 3046 “oo
810 2998 879 3045 oos'm
894 2994 950 3058 4333
973 2994 1046 3045 134443
1068 2993 1159 3044 vincla
1182 2997 1247 3045 344444
1269 2992 1395 3047 socrio”.'

370 3083 439 3133 1443444
460 3095 488 3145 p.
510 3084 569 3141 338,
591 3084 620 3130 44
635 3073 753 3131 ‘lentum
771 3083 861 3131 4344344.
881 3080 920 3130 Pl.
939 3080 1010 3131 Men.
1029 3077 1124 3131 “lento
1145 3082 1231 3130 3444343
1253 3082 1317 3131 sunt
1338 3094 1399 3131 sco-

368 3162 445 3219 rto”.'
530 3170 561 3217 38
588 3167 688 3216 Nostius
707 3179 736 3229 p.
752 3168 811 3227 433,
828 3169 858 3214 43
873 3158 959 3216 ι31343
977 3167 1018 3216 334
1035 3166 1111 3216 victu
1128 3167 1271 3231 temporali
1289 3168 1398 3217 susten-

370 3255 438 3313 4343,
453 3254 570 3305 educere
588 3253 679 3302 sutem
697 3251 732 3302 341
751 3252 904 3302 3344343433]
921 3251 1398 3317 ρ3η434443444341443343.1>1.44444344.

370 3335 451 3389 “nam
469 3338 526 3389 illic
544 3339 626 3388 horno
644 3338 753 3387 hominis
772 3350 825 3387 non
844 3343 890 3388 3444
907 3342 964 3387 cort
981 3332 1114 3388 oducut”.'
1241 3341 1286 3387 434
1310 3339 1400 3388 Festos

368 3438 397 3488 p.
412 3427 471 3485 343,
487 3427 517 3473 33
532 3416 662 3473 ‘struices
680 3423 786 3488 antiqui
805 3421 934 3473 dicebant
951 3423 1135 3474 extructiones
1153 3421 1278 3473 omniurn
1296 3436 1397 3473 rerum.

371 3509 482 3561 Plautus
494 3505 613 3559 “coriatis
625 3522 720 3560 3333333
732 3509 780 3560 dut
792 3509 829 3559 443
840 3522 945 3558 mensos
957 3509 1057 3558 extruit
1069 3510 1158 3559 4344433
1173 3545 1180 3559 .
1196 3545 1202 3558 .
1216 3504 1396 3573 patinaries”.'

440 3591 550 3646 33343144
565 3593 611 3646 BG
629 3589 745 3645 33433144
759 3595 804 3645 citt
909 3597 957 3643 433
977 3593 1084 3645 Servius
1106 3597 1135 3645 444
1152 3593 1214 3645 Aoo.
1236 3597 1260 3653 4,
1275 3598 1323 3644 334
1338 3587 1399 3644 ‘ex-

372 3682 456 3732 struis
474 3695 490 3731 3
507 3680 620 3731 struice.
633 3680 673 3731 Ρ1.
694 3680 720 3729 444
745 3676 941 3730 11344.“4344433
961 3716 968 3730 .
988 3716 995 3729 .
1013 3674 1195 3744 putinnries”.'
1277 3684 1325 3729 433
1345 3681 1400 3730 Do-

371 3772 450 3818 ootos
461 3769 489 3817 io
502 3767 605 3816 Phoros.
617 3768 642 3825 3,
654 3768 680 3824 3,
692 3767 724 3813 33
739 3757 800 3814 ‘ubi
818 3766 849 3814 444
868 3763 977 3815 dubites
995 3764 1063 3828 quid
1080 3777 1175 3816 sumus
1186 3767 1362 3830 potissimum
1375 3803 1398 3813 ..

372 3852 484 3904 Plautus
500 3848 645 3903 “scoacum
662 3854 699 3900 334
719 3887 725 3900 .
742 3887 749 3900 .
768 3862 878 3901 summo
900 3850 1016 3912 (3444444443
1033 3851 1072 3900 344.
1087 3852 1141 3914 pr.)
1160 3845 1276 3916 petss”.'

374 3941 423 3988 433
440 3937 527 3989 1434443
542 3937 612 4000 pre
691 3935 820 3998 domitus]
841 3935 908 3986 dum
927 3936 1055 3986 dominus
1075 3936 1235 3995 procoeton,
1254 3938 1282 3985 to
1299 3948 1400 3984 33443443

371 4035 402 4072 rc
418 4036 494 4082 coro,
514 4025 565 4073 3434·
582 4024 649 4085 qood
664 4022 776 4086 43343333
793 4022 903 4071 eaodem
919 4024 947 4071 444
963 4023 1116 4072 scatentium
1144 4020 1223 4070 Domi
1242 4020 1399 4070 dominatus

373 4121 434 4159 sum
444 4111 558 4172 position
565 4109 625 4172 scit,
638 4109 851 4171 pommcmooom
864 4107 992 4157 dominus
1005 4109 1162 4169 convivator,
1177 4105 1301 4156 dominia
1312 4110 1400 4156 3343443
